34200.004241176,1,16113575,18,5853300,2
34200.025551909,1,16120456,18,5859100,-1
34200.201743336,3,16120456,18,5859100,-1
34200.201780978,3,16120480,18,5859200,-1
34200.205573445,1,16167159,18,5853600,1
34200.271739507,1,3647217,20,5857300,1
34200.271739507,1,5740544,40,5857400,-1
34200.275016159,4,5740544,40,5857400,-1
34200.275016159,4,3570647,25,5857500,-1
34200.275057494,4,3647217,1,5857300,1
34200.275063291,4,3647217,10,5857300,1
34200.275072491,4,3570647,25,5857500,-1
34200.275072491,4,3647221,5,5857500,-1
34200.275072491,4,3647222,7,5857500,-1
34200.275072491,4,5230851,20,5857500,-1
34200.275072491,4,1373927,25,5857800,-1
34200.275072491,4,1601225,20,5857800,-1
34200.275072491,5,0,100,5857900,-1
34200.275072491,4,2606421,4,5858000,-1
34200.275072491,4,1364835,5,5858200,-1
34200.275072491,4,7277867,7,5858300,-1
34200.275072491,5,0,3,5859000,-1
34200.275072491,5,0,200,5859000,-1
34200.275072491,5,0,1,5859100,-1
34200.275072491,5,0,1,5859200,-1
34200.275072491,5,0,300,5859200,-1
34200.275072491,4,16166035,37,5859300,-1
34200.275123235,1,16182649,50,5857400,1
34200.280395890,1,16183794,18,5857700,1
34200.347390612,1,16196199,100,5859300,-1
34200.358687488,4,16166035,4,5859300,-1
34200.417746832,4,16183794,18,5857700,1
34200.417746832,4,3647217,9,5857300,1
34200.417746832,5,0,23,5857200,1
34200.418943908,5,0,77,5857200,1
34200.418943908,4,2109823,23,5857000,1
34200.419089711,1,16211220,18,5859200,-1
34200.459503459,3,16186225,100,5857000,1
34200.610751386,3,16211220,18,5859200,-1
34200.701389248,1,16265573,100,5858700,-1
34200.763059946,4,2109823,1,5857000,1
34200.833761339,1,16284218,100,5857000,1
34200.834524603,3,16284218,100,5857000,1
34200.887406162,5,0,47,5858600,-1
34200.887488522,1,16291236,18,5857000,1
34200.887548747,1,16291244,18,5857100,1
34200.911977878,1,16294463,100,5857400,1
34201.009655120,5,0,200,5857500,1
34201.009655120,5,0,300,5857500,1
34201.011352575,4,16294463,100,5857400,1
34201.014980201,4,2109823,26,5857000,1
34201.015080514,4,3237773,20,5856900,1
34201.015180053,1,16310817,18,5856600,1
34201.043832887,1,16316688,18,5856900,1
34201.171271698,3,16316688,18,5856900,1
34201.172976370,4,3583158,5,5856500,1
34201.172976370,4,3647220,20,5856400,1
34201.172976370,4,4731250,3,5856000,1
34201.172976370,4,3647224,15,5855900,1
34201.172976370,4,4725584,1,5855500,1
34201.172976370,4,2118573,9,5855000,1
34201.172976370,4,3562118,5,5855000,1
34201.172976370,4,9480911,25,5855000,1
34201.172976370,5,0,17,5855000,1
34201.173094452,1,16337399,18,5858700,-1
34201.173140800,1,16337407,5,5858600,-1
34201.173141799,1,16337408,13,5858600,-1
34201.173174928,1,16337414,18,5854800,1
34201.173205830,1,16337423,18,5858400,-1
34201.183611554,5,0,53,5855000,1
34201.183713008,1,16338748,15,5854900,1
34201.188030854,5,0,20,5855000,1
34201.188124042,1,16339418,15,5858300,-1
34201.384238778,3,16338748,15,5854900,1
34201.397505880,1,16365896,100,5858000,-1
34201.536315252,1,16380157,18,5857700,-1
34201.732217592,1,16396043,18,5854700,1
34201.732365170,3,16380157,18,5857700,-1
34201.732368385,3,16380182,18,5857800,-1
34201.732392812,3,16380190,18,5858000,-1
34201.840762287,1,16402634,18,5857700,-1
34202.030342281,4,16396043,18,5854700,1
34202.030342281,4,16396051,5,5854600,1
34202.030342281,5,0,77,5854500,1
34202.030451996,1,16415481,13,5857600,-1
34202.034349986,1,16415792,18,5857300,-1
34202.179737249,5,0,200,5854600,1
34202.255253777,5,0,4,5854500,1
34202.255253777,5,0,26,5854500,1
34202.255342116,1,16445672,18,5857300,-1
34202.255384370,1,16445684,10,5857200,-1
34202.255391393,1,16445687,8,5857200,-1
34202.255445644,1,16445707,18,5857200,-1
34202.269697512,1,16449896,100,5854400,1
34202.272992647,3,16449896,100,5854400,1
34202.383613299,3,16445687,8,5857200,-1
34202.383614811,3,16445707,18,5857200,-1
34202.383643886,3,16445684,10,5857200,-1
34202.491574399,1,16479076,100,5856900,1
34202.491899451,3,16479076,100,5856900,1
34202.565551981,1,16486693,18,5857700,-1
34202.579213337,1,16488533,100,5854700,1
34202.682315289,1,16497956,18,5857400,-1
34202.682720418,1,16497983,18,5857100,-1
34202.737723008,1,16502634,100,5857100,-1
34202.756884230,1,16504889,18,5856800,-1
34203.011800486,3,16488533,100,5854700,1
34203.011926972,4,16504889,18,5856800,-1
34203.011926972,4,16504892,16,5856900,-1
34203.011926972,1,16527925,66,5857000,1
34203.012001355,3,16497983,18,5857100,-1
34203.012050158,4,16527925,66,5857000,1
34203.012287906,1,16527982,18,5854500,1
34203.089491920,1,16535218,18,5856800,-1
34203.122241619,1,16538191,10,5854600,1
34203.132689191,1,16539283,12,5856500,-1
34203.295569158,4,16539283,12,5856500,-1
34203.295569158,4,16535218,18,5856800,-1
34203.295665697,1,16554356,18,5854600,1
34203.295825553,3,16535225,18,5856900,-1
34203.295826267,3,16535234,18,5857100,-1
34203.324279569,5,0,26,5857000,-1
34203.324279569,5,0,44,5857000,-1
34203.324375320,1,16556599,10,5854700,1
34203.407470515,1,16563530,18,5856800,-1
34203.600207608,3,16556599,10,5854700,1
34203.600228364,3,16563530,18,5856800,-1
34203.600245629,3,16563538,18,5857000,-1
34203.954770435,1,16617159,18,5854500,1
34204.105356795,1,16632807,18,5854700,1
34204.127697885,3,16502634,100,5857100,-1
34204.328788797,1,16655686,16,5857900,-1
34204.328940476,3,16632807,18,5854700,1
34204.328981067,3,16632813,2,5854600,1
34204.363629780,1,16658480,18,5854700,1
34204.398386311,1,16661173,18,5857600,-1
34204.567667870,3,16658480,18,5854700,1
34204.567694597,3,16658486,2,5854500,1
34204.567732501,3,16661173,18,5857600,-1
34204.570825637,1,16675424,16,5857900,-1
34204.576711342,1,16675936,100,5854700,1
34204.577104419,1,16675969,900,5856800,-1
34204.621338690,1,16679201,18,5856700,-1
34204.894275109,1,16704576,18,5855000,1
34204.894471165,3,16679201,18,5856700,-1
34205.175095396,4,16675969,50,5856800,-1
34205.175277367,3,16704576,18,5855000,1
34205.175293104,3,16704590,18,5854900,1
34205.175294192,3,16704592,2,5854800,1
34205.181076298,1,16730960,100,5856800,-1
34205.308995297,1,16746392,18,5856500,-1
34205.388462148,1,16752894,100,5856500,-1
34205.734539337,4,16746392,18,5856500,-1
34205.734539337,4,16752894,63,5856500,-1
34205.765156633,4,16752894,37,5856500,-1
34205.765156633,4,16675969,263,5856800,-1
34205.765257746,1,16779043,18,5854700,1
34205.765316823,1,16779073,14,5854800,1
34205.766878478,4,16675969,132,5856800,-1
34205.768387095,4,16675969,59,5856800,-1
34205.771753648,1,16781704,18,5856700,-1
34206.290141263,1,16818091,7,5854800,1
34206.290260156,3,16779073,14,5854800,1
34206.290261072,3,16781704,18,5856700,-1
34206.290892881,1,16818125,53,5854800,1
34206.291230360,1,16818137,52,5854800,1
34206.291527335,1,16818156,1,5854800,1
34206.291814072,1,16818175,5,5854800,1
34206.291925675,1,16818181,45,5854800,1
34206.291952320,1,16818182,39,5854800,1
34206.292254316,1,16818198,27,5854800,1
34206.801157647,1,16841958,18,5856600,-1
34206.965352065,5,0,100,5855800,1
34206.965510203,3,16841958,18,5856600,-1
34208.041353062,1,16898660,2,5856800,-1
34208.483066530,1,16914630,100,5854900,1
34209.211943640,1,16939575,42,5854900,1
34209.477500287,1,16948611,320,5856800,-1
34209.481087627,1,16948722,320,5856800,-1
34209.489945829,4,16675969,225,5856800,-1
34209.494770026,1,16949037,67,5854900,1
34209.506557426,3,16948611,320,5856800,-1
34209.522721597,1,16949716,320,5856800,-1
34209.542524480,4,16675969,28,5856800,-1
34209.542622307,1,16950346,18,5855000,1
34209.780716781,4,16950346,18,5855000,1
34209.780716781,4,16914630,100,5854900,1
34209.780716781,4,16939575,42,5854900,1
34209.780716781,4,16949037,40,5854900,1
34209.780806936,1,16957682,18,5856800,-1
34209.780840766,1,16957685,18,5856700,-1
34209.784078285,5,0,44,5855000,1
34209.784078285,4,16949037,27,5854900,1
34209.786185996,4,16818182,39,5854800,1
34209.786185996,4,16818198,27,5854800,1
34209.786185996,4,16675936,34,5854700,1
34209.786266076,1,16958115,2,5856600,-1
34209.801542957,3,16675936,66,5854700,1
34209.808502833,1,16958771,66,5854900,1
34209.828774041,4,16958771,66,5854900,1
34209.828774041,4,16249592,34,5854400,1
34209.829435704,1,16959555,169,5856600,-1
34209.830562764,3,16959555,169,5856600,-1
34209.831705108,1,16959614,169,5856600,-1
34209.832801235,3,16959614,169,5856600,-1
34209.833894341,1,16959673,169,5856600,-1
34209.834919765,3,16959673,169,5856600,-1
34210.047332639,1,16972144,18,5854700,1
34210.047460295,3,16958115,2,5856600,-1
34210.131535502,1,16979328,18,5856500,-1
34210.241247257,3,16972144,18,5854700,1
34210.241257287,3,16972157,4,5854600,1
34210.526792927,3,16979328,18,5856500,-1
34210.526810312,3,16979339,18,5856800,-1
34210.632267021,1,17011325,18,5856600,-1
34210.756845815,1,17020774,320,5856600,-1
34210.756933170,3,17011325,18,5856600,-1
34210.847553594,1,17026393,18,5856300,-1
34210.868110685,1,17027766,320,5856300,-1
34210.902268790,1,17029589,14,5856100,-1
34210.908120663,1,17030071,320,5856100,-1
34211.004344660,4,16249592,16,5854400,1
34211.146132928,3,16249592,50,5854400,1
34211.146282398,3,17029589,14,5856100,-1
34211.226849977,1,17047419,18,5855800,-1
34211.333283280,4,13419503,50,5854000,1
34211.334948467,4,3790155,20,5853800,1
34211.334948467,4,4725582,2,5853800,1
34211.388089305,3,17047419,18,5855800,-1
34211.388104371,3,17047425,18,5856100,-1
34211.439240606,1,17055489,100,5855800,-1
34211.506656257,1,17057352,320,5855800,-1
34211.683403235,1,17065496,320,5855600,-1
34212.052057667,1,17077786,18,5855400,-1
34212.053609867,1,17077932,320,5855400,-1
34212.057109841,1,17078173,18,5855200,-1
34212.058241510,1,17078284,320,5855200,-1
34212.080085590,1,17079484,143,5853900,-1
34212.080208915,4,17079484,143,5853900,-1
34212.080287308,1,17079499,1,5853900,1
34212.081038785,1,17079564,320,5855200,-1
34212.081347260,3,17078284,320,5855200,-1
34212.095970517,4,17079499,1,5853900,1
34212.267055429,1,17090001,320,5855100,-1
34212.555647156,1,17099848,27,5855000,-1
34212.557195301,1,17099873,320,5855000,-1
34212.582853636,3,17099848,27,5855000,-1
34212.607269431,4,12695153,5,5853600,1
34213.897096657,1,17132504,320,5854300,-1
34214.181766435,5,0,100,5854200,-1
34214.181907793,1,17140921,18,5853100,1
34214.313574215,1,17144557,320,5854200,-1
34214.313671934,3,17140921,18,5853100,1
34214.313672671,3,17140924,4,5853000,1
34215.089261118,1,17166135,100,5853600,1
34215.204460371,5,0,31,5854100,-1
34215.204460371,5,0,200,5854100,-1
34215.204460371,4,17144557,69,5854200,-1
34215.222056281,4,17144557,251,5854200,-1
34215.222997296,1,17172314,251,5854300,-1
34215.223443124,3,17172314,251,5854300,-1
34217.169719861,3,17082021,100,5855400,-1
34217.169871376,1,17248317,100,5855700,-1
34217.205484251,1,17249867,18,5853600,1
34217.205625508,5,0,12,5855500,-1
34217.205625508,4,17248317,88,5855700,-1
34217.205639049,4,17248317,12,5855700,-1
34217.205745954,1,17250016,4,5853700,1
34217.205932482,4,17055489,100,5855800,-1
34217.206561301,1,17250485,59,5855800,-1
34217.206719670,4,17250485,59,5855800,-1
34217.206719670,5,0,100,5856100,-1
34217.224371313,5,0,100,5856200,1
34218.299262015,5,0,100,5855200,-1
34218.299262015,5,0,11,5855700,-1
34218.299372333,1,17293774,18,5856700,-1
34218.457787528,1,17300494,18,5856400,-1
34218.457910779,3,17250016,4,5853700,1
34219.279164832,1,17324274,18,5856400,-1
34219.320087956,1,17325121,18,5856300,-1
34219.517076244,5,0,45,5854700,1
34219.517076244,5,0,11,5854500,1
34219.517076244,5,0,100,5854400,1
34219.517076244,1,17329817,44,5854400,-1
34219.517200180,4,17329817,44,5854400,-1
34219.517301103,3,17325121,18,5856300,-1
34219.517343909,1,17329859,18,5856200,-1
34219.517476892,3,17329859,18,5856200,-1
34219.517746191,5,0,100,5854500,1
34219.517830407,1,17329912,18,5856800,-1
34219.517859255,1,17329915,18,5856700,-1
34219.517901648,1,17329922,8,5856500,-1
34219.524768526,1,17331198,18,5853600,1
34219.530966388,1,17332747,18,5856500,-1
34219.540786670,1,17334022,18,5856200,-1
34220.114770695,1,17354342,100,5854100,1
34220.270330299,1,17359068,14,5856100,-1
34221.023828585,1,17382133,18,5855800,-1
34222.480233188,4,17354342,100,5854100,1
34222.480409206,3,17382133,18,5855800,-1
34222.480410913,3,17359068,14,5856100,-1
34222.480429642,3,17382136,18,5856100,-1
34222.670364787,1,17433600,100,5854000,1
34223.052028151,5,0,100,5855100,-1
34223.052115679,1,17443748,18,5854000,1
34223.052156873,1,17443753,4,5854100,1
34223.064575892,1,17444108,35,5854300,1
34223.272801653,5,0,100,5854400,1
34223.272881711,1,17451852,18,5856800,-1
34223.272916778,1,17451856,18,5856700,-1
34224.087987753,3,17451856,18,5856700,-1
34224.087990258,3,17451852,18,5856800,-1
34225.019786766,1,17494351,18,5854600,1
34226.365420435,3,17494351,18,5854600,1
34226.452728871,3,17444108,35,5854300,1
34226.533704582,1,17537269,18,5856500,-1
34226.826003805,3,17537269,18,5856500,-1
34226.826009596,3,17537270,18,5856600,-1
34226.826010048,3,17537272,18,5856800,-1
34226.974302106,1,17547517,18,5856500,-1
34227.437330595,1,17564371,100,5854700,1
34227.437468645,3,17547517,18,5856500,-1
34227.437469820,3,17547518,18,5856600,-1
34227.449996974,1,17564594,18,5856500,-1
34227.595283027,1,17572155,14,5856400,-1
34227.608626385,1,17573984,18,5855000,1
34227.731684828,1,17592758,6,5855300,1
34227.731849051,3,17572155,14,5856400,-1
34227.732213652,4,16898660,2,5856800,-1
34227.732521213,1,17593372,4,5855300,1
34227.732533703,1,17593380,18,5857900,-1
34228.069592024,5,0,100,5856400,-1
34228.069763888,3,17593380,18,5857900,-1
34228.076361310,5,0,100,5856400,1
34228.076445351,1,17630168,18,5858000,-1
34228.076486999,1,17630174,18,5855400,1
34228.977296262,1,17664948,10,5857900,-1
34228.977434098,3,17630174,18,5855400,1
34228.977444304,3,17592758,6,5855300,1
34228.977445276,3,17593372,4,5855300,1
34229.468992439,1,17682589,18,5855000,1
34229.469103907,3,17664948,10,5857900,-1
34229.482287293,1,17682924,18,5857700,-1
34229.582360137,3,17682589,18,5855000,1
34229.582361218,3,17682594,8,5854900,1
34229.950358396,1,17696306,18,5854900,1
34229.950512807,3,17682924,18,5857700,-1
34229.950532951,3,17682935,18,5857900,-1
34229.950534712,3,17682934,18,5858000,-1
34229.984817677,1,17698596,18,5857700,-1
34230.185672925,1,17708793,70,5855000,1
34230.185809299,3,17698596,18,5857700,-1
34230.185823624,3,17698599,18,5857800,-1
34230.185824209,3,17698600,18,5857900,-1
34230.265343540,1,17712744,8,5855200,1
34230.352536659,1,17715324,18,5857700,-1
34231.363620767,1,17746960,18,5855500,1
34231.364322465,3,17715324,18,5857700,-1
34231.364345473,3,17715329,18,5857800,-1
34231.364359872,3,17715338,18,5858000,-1
34231.437453602,1,17753844,18,5857800,-1
34231.748447030,1,17766530,18,5857700,-1
34231.748574392,3,17746960,18,5855500,1
34231.748576687,3,17712744,8,5855200,1
34231.780273498,1,17767360,100,5855200,1
34232.493236945,1,17789587,18,5855300,1
34232.493421468,3,17766530,18,5857700,-1
34232.507320896,1,17790217,18,5857700,-1
34232.799204526,3,17789587,18,5855300,1
34232.799220946,3,17790217,18,5857700,-1
34233.005376750,1,17804761,18,5857700,-1
34233.465320818,3,17767360,100,5855200,1
34233.465445276,3,17804761,18,5857700,-1
34233.465464358,3,17804769,18,5858000,-1
34233.465868311,1,17825130,18,5855300,1
34233.612153047,1,17830372,18,5857700,-1
34233.612319978,3,17825130,18,5855300,1
34233.615478295,1,17830943,12,5857400,-1
34233.750394030,1,17835363,18,5855300,1
34233.750574073,3,17830943,12,5857400,-1
34233.750602162,3,17830380,18,5857900,-1
34233.868678023,1,17838491,18,5857700,-1
34233.868847613,3,17835363,18,5855300,1
34233.868862593,3,17835367,8,5855200,1
34234.093000057,1,17848351,12,5857400,-1
34234.139307680,1,17850111,18,5855300,1
34234.279409487,1,17859734,18,5857200,-1
34234.279576540,3,17850111,18,5855300,1
34234.279598420,3,17850115,8,5855200,1
34234.355328435,4,17859734,18,5857200,-1
34234.355328435,4,17848351,12,5857400,-1
34234.355328435,4,17859746,13,5857400,-1
34234.355412620,1,17865030,100,5855500,1
34234.385614796,4,17859746,5,5857400,-1
34234.385614796,5,0,86,5857600,-1
34234.385689697,1,17866294,15,5855500,1
34234.385699607,1,17866295,100,5855600,1
34234.412403907,1,17867721,18,5855700,1
34234.541390391,3,17867721,18,5855700,1
34234.541406557,3,17866294,15,5855500,1
34234.554420572,1,17872089,16,5855300,1
34234.742684923,1,17878558,18,5857700,-1
34234.742826285,3,17872089,16,5855300,1
34234.742838180,3,17872093,18,5855000,1
34234.754309814,1,17879081,18,5855300,1
34235.438953097,3,17878558,18,5857700,-1
34235.438959651,3,17878563,2,5857900,-1
34235.438965836,3,17879081,18,5855300,1
34235.438967018,3,17879083,18,5855200,1
34235.438978997,3,17879087,16,5855000,1
34235.628075550,1,17908561,12,5855300,1
34235.707574115,1,17910678,18,5857700,-1
34235.925124202,1,17918246,18,5855600,1
34235.925284415,3,17910678,18,5857700,-1
34235.925285075,3,17910701,18,5857800,-1
34235.953491973,1,17919096,18,5857900,-1
34235.955210636,1,17919178,100,5857400,-1
34236.957173349,3,17918246,18,5855600,1
34237.023415106,1,17947447,18,5855400,1
34237.295363936,1,17957381,100,5857300,-1
34237.295497905,3,17947447,18,5855400,1
34237.295501279,3,17947453,18,5855200,1
34237.295515346,3,17947454,12,5855100,1
34237.328734230,1,17958344,12,5855400,1
34238.003059067,3,17958344,12,5855400,1
34238.003090749,3,17958347,18,5855300,1
34238.384242822,1,17997929,18,5855400,1
34239.262268134,4,17997929,18,5855400,1
34239.262348214,1,18022350,18,5857300,-1
34239.262395866,1,18022357,18,5857200,-1
34239.262524039,3,17997934,18,5855300,1
34239.721464369,1,18033051,18,5856900,-1
34240.594933429,5,0,5,5855400,1
34242.084995031,5,0,25,5855600,1
34242.085607821,5,0,25,5855600,1
34242.085607821,5,0,175,5855400,1
34242.087302783,5,0,20,5855400,1
34242.087302783,4,17945311,80,5855100,1
34242.087393998,1,18091848,18,5856800,-1
34242.095295299,1,18092077,300,5855200,-1
34242.095405551,4,17945311,120,5855100,1
34242.095412434,4,17708793,70,5855000,1
34242.095512159,4,17564371,100,5854700,1
34242.095603971,1,18092101,100,5855100,-1
34242.095740199,1,18092111,100,5854700,1
34242.096036500,4,18092111,100,5854700,1
34242.096059770,4,17990493,35,5854400,1
34242.125978297,4,17473627,100,5853700,1
34242.126058021,1,18092945,100,5855000,-1
34242.281282536,3,18092945,100,5855000,-1
34242.320906583,1,18097822,6,5854900,-1
34242.391038869,5,0,10,5854800,-1
34242.391116126,1,18099252,18,5853700,1
34242.537922535,4,18099252,18,5853700,1
34242.538131706,3,18097822,6,5854900,-1
34242.538133219,3,18097824,18,5855100,-1
34242.538135946,3,18097825,18,5855200,-1
34242.539574882,4,17533841,125,5853600,1
34242.539963416,5,0,100,5853500,1
34242.540036758,1,18102098,18,5855200,-1
34242.540075221,1,18102100,6,5855100,-1
34242.542601317,1,18102164,100,5853000,1
34242.935112958,4,11599111,49,5853000,1
34242.935275142,3,18102100,6,5855100,-1
34243.161619417,5,0,49,5853100,1
34243.161699972,1,18117815,18,5855200,-1
34243.161737757,1,18117818,18,5855100,-1
34243.452960619,4,11599111,50,5853000,1
34243.453130097,3,18117818,18,5855100,-1
34243.467275681,4,11599111,100,5853000,1
34243.467353715,1,18126374,18,5855200,-1
34243.467384164,1,18126376,18,5855100,-1
34243.678623646,1,18129982,19,5853000,1
34243.678719321,3,18126376,18,5855100,-1
34243.678727602,3,18126374,18,5855200,-1
34244.070699969,1,18138348,18,5854900,-1
34245.281721068,1,18173780,18,5853100,1
34245.281805592,1,18173787,100,5853100,1
34245.281874419,3,18138348,18,5854900,-1
34245.281887785,3,18138352,18,5855000,-1
34245.688820232,5,0,100,5854000,-1
34245.688976615,3,18173780,18,5853100,1
34245.694186907,1,18185336,19,5853200,1
34245.694267426,1,18185345,100,5853200,1
34246.688260750,5,0,100,5853400,1
34246.689153933,3,18185336,19,5853200,1
34246.689354442,4,18185345,100,5853200,1
34246.689431471,1,18206947,18,5855200,-1
34246.689441034,1,18206949,100,5854800,-1
34246.779185361,4,11599111,31,5853000,1
34246.779265451,1,18210016,18,5854800,-1
34246.779299836,1,18210021,18,5854700,-1
34246.779330868,1,18210024,18,5851700,1
34246.779363521,1,18210025,18,5854500,-1
34246.945391973,3,18210025,18,5854500,-1
34246.945393490,3,18210021,18,5854700,-1
34246.945393865,3,18210016,18,5854800,-1
34246.945394681,3,18210024,18,5851700,1
34246.964670283,1,18214348,18,5851700,1
34247.097986134,1,18218461,18,5855000,-1
34247.098124694,3,18214348,18,5851700,1
34247.098144382,3,18214352,12,5851600,1
34247.340863245,1,18224214,18,5851900,1
34247.341026021,3,18218461,18,5855000,-1
34247.383864403,1,18225112,18,5855000,-1
34247.507469814,5,0,100,5854900,-1
34247.507469814,5,0,100,5854900,-1
34247.507469814,5,0,100,5854900,-1
34247.507469814,5,0,100,5854900,-1
34247.507469814,5,0,30,5854900,-1
34247.507469814,4,18225112,18,5855000,-1
34247.507469814,5,0,15,5855000,-1
34247.507469814,4,18213671,100,5855100,-1
34247.507469814,4,18225114,18,5855100,-1
34247.507574573,1,18226846,100,5852100,1
34247.510643582,5,0,100,5855100,-1
34247.510722493,1,18226913,18,5852100,1
34247.510752216,1,18226915,6,5852200,1
34247.530052989,1,18227280,100,5855100,-1
34247.544222178,5,0,300,5855000,-1
34247.544222178,5,0,100,5855000,-1
34247.544222178,4,18227280,100,5855100,-1
34247.544222178,5,0,149,5855100,-1
34247.544305082,1,18227609,100,5852300,1
34247.566058684,1,18228272,100,5855100,-1
34247.573089965,4,18228272,100,5855100,-1
34247.573089965,4,18092077,300,5855200,-1
34247.573089965,5,0,800,5855200,-1
34247.573167083,1,18228408,100,5852400,1
34247.573192316,1,18228411,18,5857900,-1
34247.594210031,1,18228927,100,5857600,-1
34247.598044896,1,18229080,18,5857300,-1
34247.620872939,1,18229784,100,5853200,1
34247.628944024,1,18230032,100,5857200,-1
34247.682128975,1,18231455,18,5853500,1
34247.736240329,5,0,100,5856400,-1
34247.738295225,1,18232862,100,5857100,-1
34247.902045434,1,18236207,18,5856200,1
34247.902146775,4,18236207,18,5856200,1
34247.902157166,3,18231455,18,5853500,1
34247.902178790,3,18231460,6,5853300,1
34247.902232593,1,18236214,100,5857000,-1
34247.904658054,1,18236283,100,5856900,-1
34249.040078264,3,18236283,100,5856900,-1
34249.041758793,1,18258361,100,5857100,-1
34249.086375027,1,18259338,18,5853500,1
34249.492862272,1,18274323,18,5853800,1
34251.157902039,1,18313421,18,5857100,-1
34251.444029787,1,18321301,18,5854100,1
34251.444127395,3,18313421,18,5857100,-1
34251.831612892,3,18321301,18,5854100,1
34251.913754532,3,18258361,100,5857100,-1
34251.915508803,1,18332967,100,5857100,-1
34252.020835200,5,0,100,5857000,-1
34252.020933130,1,18336905,18,5853200,1
34252.020969840,1,18336929,18,5853300,1
34252.021036210,1,18336958,6,5853500,1
34252.021626408,3,18332967,100,5857100,-1
34252.022156013,1,18337445,100,5856900,1
34252.022385800,3,18230032,100,5857200,-1
34252.023086869,4,18337445,100,5856900,1
34252.023179690,1,18337841,100,5857900,-1
34252.023180830,1,18337842,18,5853300,1
34252.024057375,1,18338230,18,5853600,1
34252.024204889,1,18338336,100,5857100,-1
34252.026773727,1,18339562,41,5856900,1
34252.027479853,4,18338336,100,5857100,-1
34252.027479853,5,0,100,5857100,-1
34252.027496543,1,18339856,100,5857200,-1
34252.027766693,1,18339944,100,5857100,-1
34252.028256795,4,18339944,100,5857100,-1
34252.028539752,1,18340168,100,5857100,-1
34252.029155928,4,18339562,41,5856900,1
34252.029155928,5,0,100,5857000,1
34252.029279954,3,18340168,100,5857100,-1
34252.029822902,1,18340495,100,5857900,-1
34252.031700628,1,18340899,100,5857800,-1
34252.032401265,5,0,84,5856900,1
34252.032498709,5,0,100,5856900,1
34252.033272664,3,18340899,100,5857800,-1
34252.034149160,5,0,16,5856900,1
34252.034149160,5,0,109,5856900,1
34252.034560856,3,18340495,100,5857900,-1
34252.035351282,5,0,291,5856900,1
34252.037175668,5,0,100,5856900,-1
34252.045457473,5,0,100,5856900,-1
34252.053861023,5,0,100,5856900,-1
34252.111045330,1,18349474,100,5856900,-1
34252.122145247,4,18349474,100,5856900,-1
34252.122145247,5,0,100,5856900,-1
34252.122235490,1,18349906,100,5856800,1
34252.123392451,5,0,100,5856900,-1
34252.127831123,5,0,100,5856900,-1
34252.273287034,3,18349906,100,5856800,1
34252.279815175,5,0,100,5856900,-1
34252.501996264,3,18340138,100,5856800,1
34252.525746894,1,18360957,18,5853500,1
34252.740032167,5,0,200,5856900,-1
34252.740104901,1,18364553,18,5853600,1
34252.740154899,1,18364557,6,5853800,1
34252.740940568,5,0,100,5856900,-1
34253.196242217,3,18364557,6,5853800,1
34253.196264383,3,18364553,18,5853600,1
34253.530188041,1,18381088,18,5857700,-1
34253.634497901,5,0,100,5855800,1
34253.634573129,1,18382475,18,5857700,-1
34253.634605531,1,18382476,18,5857600,-1
34253.634636411,1,18382478,18,5853300,1
34253.634673231,1,18382479,12,5857400,-1
34253.637172407,1,18382521,100,5856800,-1
34253.687804373,1,18383216,18,5853600,1
34254.526963951,3,18382521,100,5856800,-1
34254.527136131,3,18382479,12,5857400,-1
34254.527148330,3,18383216,18,5853600,1
34254.527151149,3,18383217,6,5853500,1
34254.527152184,3,18382478,18,5853300,1
34254.528583347,1,18400127,100,5856800,-1
34254.631582097,1,18401954,1000,5856500,-1
34256.190633870,4,18401954,20,5856500,-1
34256.190719401,1,18430075,18,5853200,1
34256.190756615,1,18430078,18,5853300,1
34256.190807809,1,18430082,6,5853500,1
34256.193194280,1,18430131,100,5856500,-1
34256.584770476,1,18435674,100,5856400,-1
34256.585857323,4,18435674,100,5856400,-1
34256.585924316,1,18435728,18,5853500,1
34256.585936731,1,18435729,100,5853600,1
34256.585965360,1,18435733,6,5853600,1
34256.750276532,3,18435729,100,5853600,1
34256.750383635,3,18435733,6,5853600,1
34256.750384117,3,18430082,6,5853500,1
34256.750399994,3,18435728,18,5853500,1
34256.960845789,1,18444308,18,5853500,1
34256.971417778,1,18445709,35,5855700,1
34256.971971766,4,18445709,35,5855700,1
34256.972053393,1,18445746,100,5856400,-1
34256.972065621,1,18445749,14,5853300,1
34257.005572647,1,18446625,18,5856100,-1
34257.033394971,1,18447705,18,5853600,1
34257.130242807,3,18446625,18,5856100,-1
34257.130246705,3,18446627,18,5856200,-1
34257.130249903,3,18446630,18,5856300,-1
34257.130250421,3,18446631,12,5856400,-1
34257.577139389,5,0,100,5855700,-1
34257.635637197,1,18460556,18,5856200,-1
34257.725580772,1,18462798,18,5853900,1
34258.199928727,3,18460556,18,5856200,-1
34258.199929254,3,18460560,18,5856300,-1
34258.199929700,3,18460565,18,5856400,-1
34258.199942328,3,18462798,18,5853900,1
34258.199954264,3,18460564,12,5856500,-1
34258.199971706,3,18462803,6,5853800,1
34258.201822670,5,0,200,5855700,-1
34258.201899757,1,18475976,18,5853200,1
34258.201939596,1,18475980,18,5853300,1
34258.201977896,1,18475984,6,5853500,1
34258.779917044,1,18493677,18,5856200,-1
34258.780095812,3,18475984,6,5853500,1
34258.780098564,3,18475980,18,5853300,1
34259.263556695,1,18506481,18,5853500,1
34259.263726836,3,18493677,18,5856200,-1
34259.263748965,3,18493685,18,5856400,-1
34259.575196354,1,18514142,18,5856200,-1
34259.575371986,3,18506481,18,5853500,1
34259.575378773,3,18506484,18,5853400,1
34259.575396080,3,18506489,6,5853300,1
34259.705453799,1,18517387,18,5853500,1
34259.705624488,3,18514142,18,5856200,-1
34259.705630111,3,18514146,18,5856300,-1
34259.705635005,3,18514148,18,5856400,-1
34259.711397229,5,0,82,5855700,-1
34259.712524623,5,0,100,5855900,-1
34259.714077542,1,18518989,100,5856400,-1
34259.718465430,5,0,33,5856200,-1
34259.719379992,3,18518989,100,5856400,-1
34259.721910965,1,18521567,100,5856400,-1
34259.726523371,1,18522395,84,5856000,1
34259.728897981,5,0,100,5856300,-1
34259.728897981,4,18521567,100,5856400,-1
34259.729111006,1,18522880,100,5856400,-1
34259.729250575,4,18522880,100,5856400,-1
34259.729324418,5,0,980,5856400,-1
34259.729399971,5,0,300,5856400,-1
34259.729508202,1,18522935,100,5856400,-1
34259.729520767,4,18522935,60,5856400,-1
34259.729710872,4,18522395,84,5856000,1
34259.729789444,1,18522971,100,5856400,-1
34259.729791913,1,18522973,100,5856400,-1
34259.729999606,5,0,245,5856200,-1
34259.730597142,3,18522973,100,5856400,-1
34259.730600451,3,18522935,40,5856400,-1
34259.732872091,1,18523236,100,5856300,-1
34259.743508654,5,0,100,5856100,-1
34259.878295675,3,18522857,100,5855100,1
34259.896048489,5,0,300,5856200,-1
34259.896048489,4,18523236,100,5856300,-1
34259.896048489,5,0,157,5856300,-1
34259.896127721,1,18528991,18,5853200,1
34259.896130213,1,18528992,100,5853300,1
34259.896164053,1,18528997,18,5853300,1
34259.896220718,1,18529001,6,5853500,1
34259.896303576,1,18529003,100,5856300,-1
34259.903313208,1,18529133,18,5856000,-1
34259.933213123,4,18529133,18,5856000,-1
34259.933213123,4,18529134,18,5856100,-1
34259.933213123,4,18529137,18,5856200,-1
34259.933213123,4,18529003,7,5856300,-1
34259.933302666,1,18529941,100,5853600,1
34259.933456906,1,18529953,100,5856300,-1
34259.967070246,1,18530637,18,5853900,1
34260.082464065,3,18529139,12,5856300,-1
34260.082480027,3,18530637,18,5853900,1
34260.189910763,4,18529003,84,5856300,-1
34260.190017253,1,18542740,18,5853200,1
34260.190049327,1,18542750,18,5853300,1
34260.190090500,1,18542764,18,5853500,1
34260.191825424,4,18529003,9,5856300,-1
34260.191825424,4,18529953,100,5856300,-1
34260.191908736,1,18542910,100,5853600,1
34260.191914426,1,18542911,2,5853600,1
34260.192087881,1,18542924,100,5856300,-1
34260.195383205,4,18542924,100,5856300,-1
34260.195460987,1,18543183,100,5853700,1
34260.195651584,1,18543197,100,5856300,-1
34260.350303399,3,18543183,100,5853700,1
34260.350472351,3,18542911,2,5853600,1
34260.748314925,1,18568743,18,5853500,1
34260.939909225,1,18577181,18,5856000,-1
34260.940046356,3,18568743,18,5853500,1
34260.940064642,3,18568747,18,5853400,1
34261.114892424,3,18577181,18,5856000,-1
34261.114893155,3,18577184,16,5856100,-1
34261.267491427,1,18590091,18,5853500,1
34261.342636256,1,18594434,18,5856000,-1
34261.383236614,3,18590091,18,5853500,1
34261.383237408,3,18590114,18,5853400,1
34261.383242087,3,18590119,18,5853300,1
34261.383242471,3,18590142,18,5853200,1
34261.504365576,1,18599524,18,5853300,1
34261.504549520,3,18594434,18,5856000,-1
34261.534739258,1,18600633,18,5853400,1
34261.806639960,1,18610124,18,5856000,-1
34261.806776323,3,18600633,18,5853400,1
34261.823916735,1,18610679,18,5853500,1
34261.824108543,4,18610124,18,5856000,-1
34261.824108543,4,18610125,16,5856100,-1
34261.824108543,4,18543197,66,5856300,-1
34261.824199062,1,18610723,2,5853600,1
34261.824211246,1,18610729,100,5853600,1
34261.824573955,1,18610930,100,5856300,-1
34261.826038405,3,18543197,34,5856300,-1
34261.826049243,3,18610930,100,5856300,-1
34261.828016366,1,18611712,100,5856400,-1
34261.828892354,1,18611807,100,5855800,1
34261.829204866,1,18611841,100,5855800,1
34261.829973322,4,18611712,100,5856400,-1
34261.830046830,1,18611900,100,5856000,1
34261.830207689,1,18611910,100,5856400,-1
34261.830417990,4,18611910,30,5856400,-1
34261.830675749,4,18611910,70,5856400,-1
34261.830675749,5,0,95,5856400,-1
34261.830754250,1,18611961,100,5856400,-1
34261.945966689,4,18611961,11,5856400,-1
34261.946245937,1,18616813,100,5856400,-1
34261.980313977,3,18611900,100,5856000,1
34262.264793162,3,18611841,100,5855800,1
34262.292950338,3,18611807,100,5855800,1
34262.347472593,3,18616813,100,5856400,-1
34262.347495148,3,18611961,89,5856400,-1
34262.708710168,5,0,10,5855900,-1
34262.708802955,1,18645927,18,5853200,1
34262.708847497,1,18645931,18,5853300,1
34262.708889487,1,18645933,18,5853500,1
34263.025180315,5,0,10,5854300,1
34263.025275358,1,18655735,18,5853600,1
34263.029268535,1,18655962,100,5856300,-1
34263.612227278,5,0,100,5855700,-1
34263.612316413,1,18675995,18,5853700,1
34263.612379235,1,18676008,18,5853900,1
34263.613130924,3,18655962,100,5856300,-1
34263.614803009,1,18676119,100,5856300,-1
34264.211684199,1,18694938,35,5855900,1
34264.212574525,4,18694938,35,5855900,1
34264.212679960,1,18695112,18,5853300,1
34264.214495961,3,18676119,100,5856300,-1
34264.216159784,1,18695364,100,5856300,-1
34264.256956080,5,0,100,5856000,-1
34264.257040523,1,18696557,18,5853400,1
34264.257093078,1,18696562,18,5853600,1
34264.257834777,3,18695364,100,5856300,-1
34264.259446270,1,18696632,100,5856300,-1
34264.536465521,3,18696562,18,5853600,1
34264.536467869,3,18696563,18,5853500,1
34264.611582456,1,18703383,18,5853500,1
34264.884055019,3,18703383,18,5853500,1
34264.884055412,3,18703385,18,5853400,1
34264.884055849,3,18703387,18,5853300,1
34265.012575191,1,18711138,100,5856200,-1
34265.697706312,1,18726212,18,5853500,1
34266.016257078,3,18711138,100,5856200,-1
34266.016390122,3,18726212,18,5853500,1
34266.016390644,3,18726217,18,5853400,1
34266.016414152,3,18726219,18,5853200,1
34266.056037004,1,18735561,18,5853500,1
34267.136875118,3,18696632,100,5856300,-1
34267.137012763,3,18735561,18,5853500,1
34267.137013234,3,18735562,18,5853400,1
34267.137024240,3,18735563,18,5853300,1
34267.137025240,3,18735566,18,5853200,1
34267.138657650,1,18759190,100,5856200,-1
34267.155097192,1,18759837,18,5853500,1
34270.021359911,3,18759190,100,5856200,-1
34270.021486547,3,18759837,18,5853500,1
34270.021508520,3,18759841,18,5853300,1
34270.023938369,1,18826632,80,5854300,-1
34270.085057253,1,18832369,18,5853500,1
34270.085255367,4,18832369,10,5853500,1
34270.085364701,4,18832369,8,5853500,1
34270.104431749,4,18832374,18,5853400,1
34270.106940669,5,0,1,5853400,1
34270.106940669,4,18832377,18,5853300,1
34270.107019493,4,18229784,100,5853200,1
34270.107019493,4,18328480,200,5853200,1
34270.107019493,4,18832380,18,5853200,1
34270.107440284,1,18833480,18,5852400,1
34270.230930875,5,0,100,5854200,-1
34270.230930875,4,18826632,80,5854300,-1
34270.231008544,1,18840084,100,5853100,1
34270.231083555,4,18833464,100,5855000,-1
34270.232459800,1,18840165,100,5856200,-1
34270.233933883,3,18840165,100,5856200,-1
34270.235534103,1,18840282,100,5856200,-1
34270.257407678,1,18840835,18,5855900,-1
34270.394294159,3,18840084,100,5853100,1
34270.394425398,3,18840835,18,5855900,-1
34270.394425867,3,18840840,18,5856100,-1
34270.394430125,3,18840841,18,5856200,-1
34270.599373841,5,0,100,5856100,-1
34270.599461320,1,18848157,18,5852300,1
34270.599502601,1,18848161,18,5852400,1
34270.600305445,3,18840282,100,5856200,-1
34270.601967383,1,18848243,100,5856400,-1
34271.029030492,1,18857695,200,5852900,1
34271.086869628,1,18859116,18,5856300,-1
34271.094170397,1,18859424,18,5853200,1
34271.247507601,3,18859116,18,5856300,-1
34271.850956071,1,18879462,200,5853400,1
34272.714961867,3,18848243,100,5856400,-1
34272.715074565,1,18899057,100,5853600,1
34272.716661820,1,18899085,100,5856400,-1
34272.821962399,1,18902482,18,5853800,1
34272.830397476,5,0,29,5856200,-1
34272.831316933,3,18899085,100,5856400,-1
34272.832476159,5,0,71,5856200,-1
34272.832476159,5,0,10,5856300,-1
34272.833504834,1,18905925,100,5856400,-1
34273.137327992,1,18916805,18,5854100,1
34273.258724107,1,18919198,18,5856300,-1
34273.258812420,3,18916805,18,5854100,1
34273.408912021,1,18923822,18,5853700,1
34273.409010038,3,18919198,18,5856300,-1
34273.688801716,1,18928927,100,5853800,1
34273.969749970,1,18934611,200,5853900,1
34273.978291626,1,18934846,18,5854000,1
34274.644020510,1,18948753,18,5856100,-1
34274.644169616,3,18934846,18,5854000,1
34274.646714937,1,18948889,100,5854500,1
34274.651451386,3,18948889,100,5854500,1
34274.651451386,1,18949054,100,5855100,1
34274.651596186,4,18949054,100,5855100,1
34274.651682979,1,18949077,18,5854000,1
34276.520426834,3,18948753,18,5856100,-1
34276.520427588,3,18948754,18,5856200,-1
34276.520430296,3,18948756,18,5856300,-1
34276.520431607,3,18948758,18,5856400,-1
34276.520459978,3,18949077,18,5854000,1
34276.740756498,1,18992668,18,5853900,1
34276.771794098,3,18905925,100,5856400,-1
34276.773441361,1,18993161,100,5856300,-1
34277.377202932,5,0,100,5856150,-1
34277.377258512,4,18993161,100,5856300,-1
34277.377294750,1,19007953,18,5854000,1
34277.377502838,1,19007962,100,5856300,-1
34277.378089883,3,19007962,100,5856300,-1
34277.379774706,1,19008082,100,5856400,-1
34277.381977213,1,19008186,100,5856400,-1
34277.400647121,1,19009075,100,5856400,-1
34277.788679310,3,19007953,18,5854000,1
34277.788681693,3,18992668,18,5853900,1
34277.799145107,1,19027288,18,5856200,-1
34277.799237134,1,19027298,100,5856200,-1
34278.001790938,1,19033166,18,5854100,1
34278.001914285,3,19027288,18,5856200,-1
34278.182363091,3,19033166,18,5854100,1
34278.182380990,3,19033169,18,5853900,1
34278.184801559,1,19039904,100,5856200,-1
34278.185457289,3,19039904,100,5856200,-1
34278.336302196,1,19043926,18,5854200,1
34278.681703256,1,19051396,150,5854300,1
34278.684699410,1,19051433,100,5856200,-1
34278.890521360,5,0,100,5855300,-1
34278.890608555,1,19055241,18,5854300,1
34278.890641713,1,19055243,18,5854400,1
34278.891627439,4,19027298,100,5856200,-1
34278.891627439,4,19051433,37,5856200,-1
34278.895674158,5,0,100,5856100,1
34278.970361074,3,19051433,63,5856200,-1
34278.972706650,1,19057044,100,5856100,-1
34279.058497334,3,19057044,100,5856100,-1
34279.058597301,3,19055243,18,5854400,1
34279.058597670,3,19055241,18,5854300,1
34279.095631498,1,19060163,100,5856300,-1
34279.100915798,1,19060279,18,5854600,1
34279.591213770,5,0,62,5854700,1
34279.591298663,1,19068312,18,5856200,-1
34279.591402103,3,19060279,18,5854600,1
34279.591402582,3,19060280,18,5854500,1
34279.593811946,1,19068371,100,5856200,-1
34279.612482113,1,19069058,100,5856200,-1
34279.613078636,5,0,100,5854700,1
34279.613966256,3,19068371,100,5856200,-1
34279.615683663,1,19069153,100,5856100,-1
34279.963346441,1,19079059,18,5854600,1
34279.967802871,1,19079190,100,5856100,-1
34280.628112655,5,0,100,5855300,-1
34280.628280182,3,19079059,18,5854600,1
34280.628281440,3,19079066,18,5854500,1
34280.629099757,3,19069153,100,5856100,-1
34280.630730875,1,19094870,100,5856000,-1
34280.952361211,5,0,100,5855800,-1
34280.952440239,1,19101699,18,5854300,1
34280.952481895,1,19101702,18,5854400,1
34280.953291390,3,19094870,100,5856000,-1
34280.955015735,1,19101756,100,5856300,-1
34280.955880267,1,19101780,100,5856000,-1
34280.958563022,3,19101780,100,5856000,-1
34281.153175782,1,19107439,100,5856300,-1
34281.158189681,1,19107744,18,5854700,1
34281.170327051,5,0,90,5856000,-1
34281.171224041,3,19101756,100,5856300,-1
34281.173007830,1,19108377,100,5856200,-1
34281.311696767,3,19107744,18,5854700,1
34281.313737220,5,0,10,5855800,-1
34281.313737220,5,0,90,5856100,-1
34281.313809617,1,19112281,18,5854300,1
34281.313845441,1,19112284,18,5854400,1
34281.314602817,3,19108377,100,5856200,-1
34281.316153404,1,19112329,100,5856300,-1
34281.344872902,4,19112329,100,5856300,-1
34281.345041522,1,19114185,100,5854500,1
34281.345224099,1,19114324,100,5856300,-1
34281.348641172,4,19114324,27,5856300,-1
34281.348983980,1,19116002,100,5856300,-1
34281.350897901,4,19114324,73,5856300,-1
34281.350897901,4,19116002,100,5856300,-1
34281.351022076,1,19117016,100,5854600,1
34281.351223088,1,19117109,100,5856300,-1
34281.351360262,4,19117109,100,5856300,-1
34281.351360262,5,0,100,5856300,-1
34281.351580205,1,19117258,100,5856300,-1
34281.356885621,1,19119043,100,5856300,-1
34281.362866376,4,19117258,85,5856300,-1
34281.363081875,1,19119958,100,5856300,-1
34281.450083526,1,19126333,35,5854600,1
34281.461529129,1,19127217,100,5856300,-1
34281.660812539,3,19126333,35,5854600,1
34281.698310859,3,19117016,100,5854600,1
34281.768525735,1,19136439,18,5854600,1
34281.901434980,3,19136439,18,5854600,1
34281.901436182,3,19136440,18,5854500,1
34281.908846241,1,19139187,35,5854700,1
34282.109119208,3,19139187,35,5854700,1
34282.442346087,3,19119958,100,5856300,-1
34282.442367796,3,19117258,15,5856300,-1
34282.680357603,1,19154788,20,5854400,1
34283.541397954,1,19169737,18,5854700,1
34283.543353777,1,19169827,100,5856200,-1
34283.543428075,1,19169831,100,5856200,-1
34283.563717278,1,19170111,100,5856200,-1
34283.722987642,4,19169737,1,5854700,1
34283.723160398,3,19169737,17,5854700,1
34283.723862481,3,19169827,100,5856200,-1
34283.725627228,1,19172962,100,5856100,-1
34283.725707201,1,19172969,100,5856100,-1
34283.761330751,1,19173975,100,5856100,-1
34283.936477117,3,19172962,100,5856100,-1
34283.937886139,5,0,6,5854500,1
34283.937886139,5,0,200,5854500,1
34283.937886139,5,0,110,5854500,1
34283.937886139,5,0,90,5854500,1
34283.937886139,4,19154788,20,5854400,1
34284.220198526,4,19051396,150,5854300,1
34284.220297219,1,19182040,18,5853000,1
34284.293742431,3,19173975,100,5856100,-1
34284.296709911,1,19183210,100,5856000,-1
34284.296786976,1,19183212,100,5856000,-1
34284.336015114,5,0,100,5855600,-1
34284.336140569,5,0,83,5855700,-1
34284.336140569,5,0,17,5855900,-1
34284.336143811,1,19185387,7,5853100,1
34284.337823303,1,19186476,100,5855900,-1
34284.337926232,1,19186534,100,5855900,-1
34284.367761273,1,19192216,100,5855900,-1
34284.374245991,1,19192551,18,5855600,-1
34284.374313382,1,19192560,100,5855600,-1
34284.429358447,1,19196464,100,5855600,-1
34284.476359258,3,19185387,7,5853100,1
34284.477281902,1,19198199,16,5852600,1
34284.524897530,3,19192551,18,5855600,-1
34284.641022408,3,19198199,16,5852600,1
34284.644820898,1,19203759,18,5852700,1
34284.887682240,3,19203759,18,5852700,1
34284.887683805,3,19203761,7,5852600,1
34284.946556332,1,19209566,18,5852700,1
34285.197270112,5,0,100,5853700,1
34285.200830729,3,19196464,100,5855600,-1
34285.201355899,1,19216740,100,5855500,-1
34285.201424920,1,19216741,100,5855500,-1
34285.203480965,1,19216769,100,5855300,-1
34285.203550923,1,19216770,100,5855300,-1
34285.204262586,3,19216769,100,5855300,-1
34285.250010851,1,19217497,100,5855100,-1
34285.250087598,1,19217499,100,5855100,-1
34285.250092475,3,19209566,18,5852700,1
34285.251099581,3,19217497,100,5855100,-1
34285.299809209,1,19218466,100,5854900,-1
34285.299880111,1,19218468,100,5854900,-1
34285.300803809,2,19212652,100,5852400,1
34285.304043530,3,19212652,100,5852400,1
34285.406189784,1,19221011,18,5852700,1
34285.877657781,1,19229357,100,5854800,-1
34285.877741937,1,19229364,100,5854800,-1
34285.882059968,1,19229548,100,5854700,-1
34285.882143847,1,19229555,100,5854700,-1
34285.901861347,5,0,100,5854600,-1
34285.901952415,1,19230579,7,5852800,1
34285.902752500,3,19229548,100,5854700,-1
34285.904455274,1,19230779,100,5854600,-1
34285.904528302,1,19230785,100,5854600,-1
34285.909107768,1,19230924,100,5854600,-1
34286.004190780,3,19230779,100,5854600,-1
34286.036936351,1,19234695,44,5854300,1
34286.037041767,4,19234695,44,5854300,1
34286.037044193,3,19230579,7,5852800,1
34286.037225154,1,19234722,9,5852700,1
34286.038864427,5,0,200,5854500,-1
34286.038945934,1,19234963,14,5852700,1
34286.041833783,3,19230924,100,5854600,-1
34286.080517867,1,19238603,100,5854200,-1
34286.080598217,1,19238606,100,5854200,-1
34286.254645484,3,19234722,9,5852700,1
34286.254646903,3,19234963,14,5852700,1
34286.257679073,1,19243431,100,5854100,-1
34286.257746700,1,19243434,100,5854100,-1
34286.301472235,1,19244156,100,5854100,-1
34286.422989672,1,19246126,41,5853800,1
34286.934080152,4,19243431,100,5854100,-1
34286.934080152,4,19243434,13,5854100,-1
34286.934208574,4,19243434,87,5854100,-1
34286.934208574,4,19244156,100,5854100,-1
34286.934208574,5,0,13,5854100,-1
34286.934427575,1,19258724,100,5854100,-1
34286.934455803,4,19258724,100,5854100,-1
34286.934687810,1,19258755,100,5854100,-1
34286.934809117,4,19258755,100,5854100,-1
34286.934912533,5,0,100,5854100,-1
34286.934927867,5,0,200,5854100,-1
34286.935077877,1,19258787,100,5854100,-1
34286.935563083,4,19258787,100,5854100,-1
34286.935809748,1,19258839,100,5854100,-1
34286.935852511,4,19258839,50,5854100,-1
34286.936080454,1,19258856,100,5854100,-1
34286.936107146,4,19258839,50,5854100,-1
34286.936107146,4,19258856,50,5854100,-1
34286.936346975,1,19258880,100,5854100,-1
34286.955033680,1,19259402,100,5854100,-1
34286.966554224,4,19246126,41,5853800,1
34286.966554224,5,0,17,5853200,1
34286.966554224,4,19258709,42,5853100,1
34286.967414644,3,19258856,50,5854100,-1
34286.967419212,3,19258880,100,5854100,-1
34286.968841008,4,19258709,58,5853100,1
34286.973032264,1,19259865,100,5854000,-1
34286.984242622,1,19260106,13,5852600,-1
34286.984336913,4,19260106,13,5852600,-1
34286.998796439,1,19260355,100,5854000,-1
34287.121081616,1,19263361,35,5852500,1
34287.254773559,1,19266578,18,5852700,1
34287.311836571,5,0,75,5853700,-1
34287.311836571,4,19259865,25,5854000,-1
34287.312054312,1,19267537,100,5854000,-1
34287.315600727,3,19260355,100,5854000,-1
34287.329361069,1,19267994,100,5854000,-1
34287.666561186,3,19266578,18,5852700,1
34287.666562304,3,19266581,7,5852600,1
34287.713927125,3,19259865,75,5854000,-1
34287.713930940,3,19267537,100,5854000,-1
34287.717174777,3,19267994,100,5854000,-1
34287.721959873,5,0,100,5852900,1
34287.721959873,5,0,272,5852500,1
34287.721959873,5,0,482,5852500,1
34287.721959873,5,0,46,5852300,1
34287.722040792,1,19275705,18,5855400,-1
34287.722085556,1,19275708,18,5855300,-1
34287.722139883,1,19275711,18,5855300,-1
34287.722662487,5,0,200,5852300,1
34287.723006002,5,0,72,5852300,1
34287.723491412,1,19275772,18,5855200,-1
34287.723528748,1,19275775,18,5852300,1
34287.723594410,4,19275775,18,5852300,1
34287.723594410,5,0,28,5852300,1
34287.723594410,5,0,20,5852300,1
34287.723594410,5,0,100,5852300,1
34287.723594410,4,18899190,34,5852200,1
34287.723682617,1,19275787,100,5855200,-1
34287.724139807,4,18899190,100,5852200,1
34287.724326307,1,19275833,11,5855100,-1
34287.724613645,1,19275844,7,5855100,-1
34287.725654908,4,18899190,66,5852200,1
34287.725743650,4,19275859,2,5852100,1
34287.725792697,4,18415422,55,5852000,1
34287.725843331,4,18415422,12,5852000,1
34287.725845250,1,19275882,6,5855000,-1
34287.725873579,4,18415422,133,5852000,1
34287.725886542,1,19275886,7,5852200,1
34287.726033166,4,19275886,7,5852200,1
34287.731077481,1,19276056,100,5852700,-1
34287.732024858,3,19276056,100,5852700,-1
34287.845602295,3,19275882,6,5855000,-1
34287.850893666,4,12614747,5,5851000,1
34287.850893666,4,18272648,31,5851000,1
34287.850964642,1,19278036,18,5855100,-1
34287.850997313,1,19278038,18,5855000,-1
34287.851037248,1,19278039,18,5854800,-1
34287.853139570,4,18272648,269,5851000,1
34287.853139570,5,0,185,5851000,1
34287.853207353,1,19278083,50,5853100,-1
34287.853241950,3,19278083,50,5853100,-1
34287.853266702,1,19278089,18,5854500,-1
34287.853328823,1,19278093,300,5851000,1
34287.857641185,1,19278155,100,5852800,-1
34287.904018393,4,19278093,200,5851000,1
34287.910694643,4,19278093,100,5851000,1
34287.910694643,5,0,215,5851000,1
34287.910777711,1,19279150,100,5852700,-1
34287.934620813,4,3647226,1,5850500,1
34287.934620813,4,18477996,100,5850500,1
34287.940574375,4,19267295,35,5850400,1
34287.940574375,4,18636517,420,5850100,1
34287.940645345,1,19280161,50,5850700,-1
34287.940680676,3,19280161,50,5850700,-1
34287.941252975,4,18636517,80,5850100,1
34287.941252975,4,1366993,4,5850000,1
34287.941252975,4,1370558,3,5850000,1
34287.941252975,4,1668565,5,5850000,1
34287.941252975,4,2117274,8,5850000,1
34287.941320612,1,19280236,50,5850700,-1
34287.941353718,3,19280236,50,5850700,-1
34287.979119142,3,3647228,98,5850000,1
34287.979849708,3,3647230,6,5850000,1
34287.980186070,3,3647231,10,5850000,1
34287.980545131,3,3647232,5,5850000,1
34287.980704158,3,3647233,3,5850000,1
34287.980877158,3,3647235,10,5850000,1
34287.981081378,3,3647236,5,5850000,1
34287.981387833,3,3647237,5,5850000,1
34287.981733481,3,18401824,50,5850000,1
34287.984270941,1,19281448,200,5852700,-1
34287.991600026,1,19281684,66,5850000,1
34287.992323351,1,19281706,6,5850000,1
34287.992683726,1,19281711,10,5850000,1
34287.993187033,1,19281740,5,5850000,1
34287.993589526,1,19281750,3,5850000,1
34287.993934427,1,19281754,10,5850000,1
34287.994244714,1,19281761,5,5850000,1
34287.994584668,1,19281765,5,5850000,1
34287.994910916,1,19281773,50,5850000,1
34288.028342634,3,2117274,22,5850000,1
34288.029080828,3,2127309,5,5850000,1
34288.029185369,3,2776078,5,5850000,1
34288.029388919,3,3549791,36,5850000,1
34288.029553147,3,3561189,1,5850000,1
34288.029710803,3,3585371,10,5850000,1
34288.029891221,3,11592601,15,5850000,1
34288.030049884,3,12136452,1,5850000,1
34288.065893097,1,19285462,20,5852700,-1
34288.067309636,3,19279150,100,5852700,-1
34288.170764629,3,19285462,20,5852700,-1
34288.170941419,1,19289141,20,5851200,-1
34288.204018241,1,19290469,100,5851200,-1
34288.258822569,5,0,100,5850100,1
34288.260860036,4,3184267,5,5850000,1
34288.260860036,4,3688678,65,5850000,1
34288.260860036,4,4406694,6,5850000,1
34288.260860036,4,4725562,24,5850000,1
34288.337563927,4,4725562,1,5850000,1
34288.337563927,4,4726308,6,5850000,1
34288.337563927,4,4727127,8,5850000,1
34288.337563927,4,4731365,10,5850000,1
34288.337563927,4,6057645,175,5850000,1
34288.394703981,4,6057645,125,5850000,1
34288.394703981,4,7552794,40,5850000,1
34288.394703981,4,10138545,135,5850000,1
34288.724689483,1,19300125,300,5850400,-1
34288.724858418,1,19300130,100,5850200,-1
34288.725140581,4,10138545,665,5850000,1
34288.725140581,4,10183494,2087,5850000,1
34288.725218205,4,10183494,1262,5850000,1
34288.725218205,4,18572243,50,5850000,1
34288.725218205,4,19281684,66,5850000,1
34288.725218205,4,19281706,6,5850000,1
34288.725218205,4,19281711,10,5850000,1
34288.725218205,4,19281740,5,5850000,1
34288.725218205,4,19281750,3,5850000,1
34288.725218205,4,19281754,10,5850000,1
34288.725218205,4,19281761,5,5850000,1
34288.725218205,4,19281765,5,5850000,1
34288.725218205,4,19281773,50,5850000,1
34288.725310169,1,19300154,50,5850100,-1
34288.725325865,1,19300155,100,5850100,-1
34288.725360959,1,19300157,100,5850100,-1
34288.725439872,4,19300154,50,5850100,-1
34288.725439872,4,19300157,50,5850100,-1
34288.725479499,4,16166175,2,5849900,1
34288.725479499,4,12727870,5,5849700,1
34288.725537530,3,19300157,50,5850100,-1
34288.725537530,1,19300164,50,5850100,-1
34288.725560496,1,19300166,50,5850100,-1
34288.725639165,3,19300164,50,5850100,-1
34288.725639165,1,19300171,50,5850100,-1
34288.725677485,4,19300166,50,5850100,-1
34288.725677485,4,19300171,50,5850100,-1
34288.726481689,4,8712887,23,5849500,1
34288.726568752,4,8712887,23,5849500,1
34288.726584723,4,8712887,4,5849500,1
34288.727028043,4,12962720,200,5849300,1
34288.727115472,4,12962720,13,5849300,1
34288.727131258,4,12962720,87,5849300,1
34288.733526741,4,16261926,50,5849000,1
34288.733618791,1,19300531,100,5849900,-1
34288.770969403,1,19301917,100,5849700,-1
34289.317897608,3,19301917,100,5849700,-1
34289.527049784,1,19314759,100,5849500,-1
34289.818734718,3,19314759,100,5849500,-1
34289.884308585,1,19320445,100,5849700,-1
34290.611030563,4,2117277,20,5848000,1
34290.611113017,1,19333486,100,5849300,-1
34290.611600353,4,19329655,5,5847100,1
34290.736078392,1,19335255,100,5849000,-1
34291.033125417,4,877391,10,5846900,1
34291.033125417,5,0,3,5846900,1
34291.033125417,5,0,23,5846800,1
34291.033219724,1,19340875,100,5848600,-1
34291.046208367,5,0,27,5846700,1
34291.046208367,4,11438128,73,5846500,1
34291.198289470,3,19340875,100,5848600,-1
34291.200875325,3,19335255,100,5849000,-1
34291.203245520,1,19344648,100,5848400,-1
34291.204057184,3,19344648,100,5848400,-1
34291.209983199,4,11438128,200,5846500,1
34291.466544724,1,19352093,200,5850000,-1
34291.582373887,3,19352093,200,5850000,-1
34291.584592378,1,19355500,100,5849500,-1
34291.744590668,3,19355500,100,5849500,-1
34291.747577457,1,19359897,100,5849000,-1
34291.806903906,3,19359897,100,5849000,-1
34291.809313582,1,19360852,100,5848600,-1
34291.814219233,3,19360852,100,5848600,-1
34291.867401750,1,19361884,200,5849500,-1
34293.270308721,5,0,49,5847200,1
34293.270308721,5,0,51,5847200,1
34293.752142428,3,19361884,200,5849500,-1
34293.967906396,1,19412142,100,5849500,-1
34296.008510970,1,19453439,2,5849400,-1
34296.171066895,1,19457464,100,5849400,-1
34296.815549138,3,19457464,100,5849400,-1
34296.817873710,1,19468200,100,5849300,-1
34297.208815143,5,0,4,5849200,-1
34297.209226118,5,0,100,5849200,-1
34297.209845157,5,0,56,5849200,-1
34297.209845157,5,0,44,5849200,-1
34297.212700845,5,0,100,5849200,-1
34297.219460878,5,0,100,5849200,-1
34297.359714130,5,0,56,5849200,-1
34297.359714130,5,0,44,5849200,-1
34297.359875809,5,0,100,5849200,-1
34297.560045359,5,0,100,5847900,1
34297.564673576,5,0,100,5847800,1
34297.635945497,4,11438128,27,5846500,1
34297.635945497,4,19461544,20,5846400,1
34297.635945497,5,0,2,5846400,1
34297.635945497,4,18808029,5,5846300,1
34297.635945497,4,19457332,46,5846300,1
34297.636034158,1,19501647,100,5849000,-1
34297.639785560,4,19457332,54,5846300,1
34297.639785560,4,18795546,5,5846200,1
34297.639789490,4,18786479,5,5846100,1
34297.639868298,1,19501755,100,5848900,-1
34297.734218655,1,19503707,200,5848900,-1
34297.788290593,3,19501755,100,5848900,-1
34298.131527321,5,0,100,5846300,1
34301.616326243,5,0,50,5848600,-1
34303.448555454,5,0,50,5848600,-1
34303.448555454,5,0,50,5848700,-1
34303.450171221,3,19503707,200,5848900,-1
34303.472545824,5,0,180,5846700,1
34303.484131967,1,19621463,100,5849000,-1
34303.633940493,3,19621463,100,5849000,-1
34303.636527352,1,19624605,100,5848700,-1
34303.640587376,3,19624605,100,5848700,-1
34303.696582520,1,19625489,100,5849400,-1
34305.095907735,5,0,50,5848700,-1
34305.095907735,5,0,50,5849100,-1
34305.098815535,5,0,49,5849300,-1
34305.098815535,4,19453439,2,5849400,-1
34305.098815535,4,19625489,100,5849400,-1
34305.099565310,3,19300249,20,5850200,-1
34305.099680933,1,19673190,20,5850500,-1
34305.099850554,3,19673190,20,5850500,-1
34305.100266031,1,19673222,100,5850000,1
34305.100919551,5,0,56,5850400,-1
34305.100919551,4,19622978,44,5850500,-1
34305.102384427,1,19673315,100,5850500,-1
34305.102707308,4,19673222,100,5850000,1
34305.102778041,1,19673335,100,5850400,-1
34305.114148562,4,19673335,100,5850400,-1
34305.114575046,1,19673611,100,5850400,-1
34305.114640710,1,19673612,100,5850400,-1
34305.114954126,4,19673611,100,5850400,-1
34305.114954126,4,19673612,100,5850400,-1
34305.115051218,4,19622978,56,5850500,-1
34305.115071463,4,19673585,20,5850800,-1
34305.115479592,3,19673624,100,5851400,-1
34305.116128437,3,19673603,100,5851400,-1
34305.116187222,1,19673660,100,5851600,-1
34305.116657325,3,19673660,100,5851600,-1
34305.116908184,1,19673713,100,5851400,-1
34305.117211975,1,19673720,100,5846000,1
34305.118484312,3,19673713,100,5851400,-1
34305.118490539,1,19673741,100,5852300,-1
34305.119195738,1,19673775,100,5852300,-1
34305.119411437,3,19673741,100,5852300,-1
34305.119668622,3,19673775,100,5852300,-1
34305.120101375,1,19673813,100,5852900,-1
34305.120240440,1,19673824,100,5851900,-1
34305.121609072,3,19673824,100,5851900,-1
34305.121609814,1,19673874,100,5852900,-1
34305.122293066,1,19673917,100,5852900,-1
34305.123763025,1,19673990,100,5851900,-1
34305.124700494,3,19673990,100,5851900,-1
34305.125406611,1,19674073,100,5852000,-1
34305.125875521,3,19674073,100,5852000,-1
34305.126136913,3,19674093,100,5852100,-1
34305.126558608,1,19674145,100,5852700,-1
34305.126702906,1,19674154,100,5852000,-1
34305.127169606,3,19674154,100,5852000,-1
34305.127525067,3,19674169,100,5852100,-1
34305.128193705,1,19674241,100,5852300,-1
34305.128658440,3,19674241,100,5852300,-1
34305.129329782,1,19674275,100,5852400,-1
34305.129775049,3,19674244,100,5852400,-1
34305.129797528,3,19674275,100,5852400,-1
34305.130441491,1,19674300,100,5852700,-1
34305.130641952,1,19674308,100,5852700,-1
34305.130721800,1,19674309,200,5852500,-1
34305.131189133,3,19674309,200,5852500,-1
34305.131602497,1,19674351,200,5852400,-1
34305.132096812,1,19674373,100,5850800,-1
34305.196811739,3,19674373,100,5850800,-1
34305.198090308,1,19675926,200,5852700,-1
34305.199907331,3,19675926,200,5852700,-1
34305.527462612,1,19681489,100,5851300,-1
34305.750995193,5,0,200,5851100,-1
34305.850784765,1,19688207,20,5846700,1
34305.850857887,1,19688208,100,5846700,1
34305.988655765,3,19681489,100,5851300,-1
34306.014016602,1,19691512,100,5852200,-1
34306.817398952,3,19691512,100,5852200,-1
34306.881904199,1,19708267,100,5851700,-1
34306.965749406,3,19708267,100,5851700,-1
34307.041530663,1,19712154,100,5851700,-1
34307.099099434,3,19712154,100,5851700,-1
34307.102029995,1,19715367,100,5851300,-1
34307.104120319,3,19715367,100,5851300,-1
34307.148348046,1,19717911,100,5851800,-1
34307.179353862,3,19717911,100,5851800,-1
34307.265156556,1,19722294,100,5852200,-1
34307.277117649,5,0,3,5851800,-1
34307.277117649,5,0,97,5851800,-1
34307.282715862,3,19722294,100,5852200,-1
34307.284577512,1,19722953,200,5853500,-1
34307.293114044,3,19722953,200,5853500,-1
34307.293768011,1,19723278,200,5853700,-1
34307.299504280,3,19723278,200,5853700,-1
34307.300146468,1,19723419,200,5853900,-1
34307.406032471,1,19724821,100,5853000,-1
34309.160090854,1,19773188,200,5848800,1
34309.160158059,1,19773190,100,5848800,1
34309.163231458,3,19773188,200,5848800,1
34309.204020735,3,19724821,100,5853000,-1
34309.208264288,1,19776546,100,5851500,-1
34309.397581847,1,19783783,1,5851400,-1
34309.448904884,3,19783783,1,5851400,-1
34309.448904884,1,19785087,1,5853900,-1
34309.451456255,1,19785142,100,5850500,-1
34309.451572102,1,19785149,1,5850400,-1
34309.515232115,3,19785149,1,5850400,-1
34309.515232115,1,19786572,1,5853900,-1
34309.517765457,1,19786631,100,5850400,-1
34309.517892721,1,19786636,1,5850300,-1
34309.520154119,3,19786636,1,5850300,-1
34309.520154119,1,19786734,1,5853900,-1
34309.572563152,1,19787819,100,5850500,-1
34309.572687415,1,19787822,1,5850400,-1
34309.623711603,3,19787822,1,5850400,-1
34309.623711603,1,19788846,1,5853900,-1
34309.626991643,1,19789055,100,5850400,-1
34309.627124773,1,19789062,1,5850300,-1
34309.629974124,3,19789062,1,5850300,-1
34309.629974124,1,19789191,1,5853900,-1
34309.748408819,1,19791611,18,5853600,-1
34309.748541896,1,19791619,1,5853500,-1
34309.799113349,1,19792756,100,5850500,-1
34309.799235274,1,19792760,1,5850400,-1
34309.994551822,3,19792760,1,5850400,-1
34309.994551822,1,19798800,1,5853500,-1
34309.994817066,3,19798800,1,5853500,-1
34309.994817066,1,19798988,1,5853900,-1
34309.998544497,1,19800596,18,5853600,-1
34309.998690006,1,19800632,1,5853500,-1
34309.999127455,1,19800798,100,5850400,-1
34309.999263950,1,19800860,1,5850300,-1
34310.002068208,3,19800860,1,5850300,-1
34310.002068208,1,19801765,1,5853500,-1
34310.005217125,1,19802435,18,5853200,-1
34310.005360717,1,19802469,1,5853100,-1
34310.052375914,1,19808795,100,5850500,-1
34310.052511001,1,19808806,1,5850400,-1
34310.116845233,3,19808806,1,5850400,-1
34310.116845233,1,19813405,1,5853100,-1
34310.117026476,3,19813405,1,5853100,-1
34310.117026476,1,19813420,1,5853900,-1
34310.119214476,1,19813501,100,5850400,-1
34310.119335127,1,19813513,1,5850300,-1
34310.121684846,3,19813513,1,5850300,-1
34310.121684846,1,19813644,1,5853900,-1
34310.154952328,1,19815063,100,5850500,-1
34310.155076366,1,19815067,1,5850400,-1
34310.229051440,3,19815067,1,5850400,-1
34310.229051440,1,19817791,1,5853900,-1
34310.231493530,1,19817901,100,5850400,-1
34310.231617827,1,19817911,1,5850300,-1
34310.234002067,3,19817911,1,5850300,-1
34310.234002067,1,19817994,1,5853900,-1
34310.244165283,1,19818296,100,5852500,-1
34310.244295795,1,19818308,1,5852400,-1
34310.315440102,1,19822538,18,5852300,-1
34310.315586080,1,19822546,1,5852200,-1
34310.324364146,1,19823406,100,5850500,-1
34310.324496269,1,19823415,1,5850400,-1
34310.362023010,3,19823415,1,5850400,-1
34310.362023010,1,19824928,1,5852200,-1
34310.364850410,1,19825030,100,5850400,-1
34310.364974219,1,19825039,1,5850300,-1
34310.367887294,3,19825039,1,5850300,-1
34310.367887294,1,19825128,1,5852200,-1
34310.725535168,1,19833840,100,5850500,-1
34310.725695068,1,19833852,1,5850400,-1
34310.959917340,3,19833852,1,5850400,-1
34310.959917340,1,19839424,1,5853900,-1
34310.998092265,1,19840347,18,5853600,-1
34310.998218450,1,19840359,1,5853500,-1
34311.077831634,1,19842389,18,5853200,-1
34311.077960146,1,19842395,1,5853100,-1
34311.217451005,1,19845675,100,5850600,-1
34311.217586632,1,19845683,1,5850500,-1
34311.296344591,3,19845683,1,5850500,-1
34311.296344591,1,19847375,1,5853900,-1
34311.298656881,1,19847477,100,5850500,-1
34311.298784894,1,19847483,1,5850400,-1
34311.311165158,1,19847687,20,5850000,1
34311.311241038,1,19847691,100,5850000,1
34311.327923591,4,19847687,20,5850000,1
34311.327923591,4,19847691,100,5850000,1
34311.334194130,3,19847483,1,5850400,-1
34311.334194130,1,19848156,1,5853900,-1
34311.336530624,1,19848206,100,5850400,-1
34311.336642887,1,19848211,1,5850300,-1
34311.339067314,3,19848211,1,5850300,-1
34311.339067314,1,19848246,1,5853900,-1
34311.408707648,1,19849480,100,5850500,-1
34311.408825913,1,19849483,1,5850400,-1
34311.550232187,3,19849483,1,5850400,-1
34311.550232187,1,19851760,1,5853900,-1
34311.552527426,1,19851835,100,5850400,-1
34311.552650248,1,19851841,1,5850300,-1
34311.555784668,3,19851841,1,5850300,-1
34311.555784668,1,19851904,1,5853900,-1
34311.648195672,1,19853018,18,5853600,-1
34311.648331802,1,19853023,1,5853500,-1
34311.652872253,1,19853120,100,5852500,-1
34311.652984135,1,19853122,1,5852400,-1
34311.821882364,1,19856307,100,5850500,-1
34311.822015329,1,19856309,1,5850400,-1
34312.021492220,3,19856309,1,5850400,-1
34312.021492220,1,19860583,1,5852400,-1
34312.023733399,1,19860697,100,5850400,-1
34312.023864304,1,19860703,1,5850300,-1
34312.024747390,3,19860703,1,5850300,-1
34312.024747390,1,19860751,1,5852400,-1
34312.086544489,1,19862344,100,5850500,-1
34312.086682344,1,19862350,1,5850400,-1
34312.163954406,3,19862350,1,5850400,-1
34312.163954406,1,19864036,1,5852400,-1
34312.167282930,1,19864127,100,5850400,-1
34312.167397644,1,19864128,1,5850300,-1
34312.169538775,3,19864128,1,5850300,-1
34312.169538775,1,19864205,1,5852400,-1
34312.176880335,1,19864346,18,5852300,-1
34312.176998868,1,19864351,1,5852200,-1
34312.292782092,1,19867474,100,5850500,-1
34312.292911944,1,19867482,1,5850400,-1
34312.364959130,3,19867482,1,5850400,-1
34312.364959130,1,19868862,1,5852400,-1
34312.367712292,1,19868900,100,5850400,-1
34312.367841804,1,19868903,1,5850300,-1
34312.370549721,3,19868903,1,5850300,-1
34312.370549721,1,19868949,1,5852400,-1
34312.546192839,1,19872763,18,5852400,-1
34312.580816364,1,19873203,18,5852300,-1
34312.580946322,1,19873206,1,5852200,-1
34312.692705533,1,19874578,100,5848500,1
34312.692934124,3,19873206,1,5852200,-1
34312.692934124,1,19874584,1,5852400,-1
34312.696138293,1,19874629,100,5850500,-1
34312.696263200,1,19874631,1,5850400,-1
34312.766945009,3,19874631,1,5850400,-1
34312.766945009,1,19876103,1,5852400,-1
34312.769107678,1,19876171,100,5850400,-1
34312.769227840,1,19876176,1,5850300,-1
34312.771974591,3,19876176,1,5850300,-1
34312.771974591,1,19876273,1,5852400,-1
34312.838170779,1,19877346,100,5850600,-1
34312.838293174,1,19877349,1,5850500,-1
34312.951664388,3,19877349,1,5850500,-1
34312.951664388,1,19879283,1,5852400,-1
34312.954094896,1,19879344,100,5850500,-1
34312.954218211,1,19879346,1,5850400,-1
34312.999029565,3,19879346,1,5850400,-1
34312.999029565,1,19879935,1,5852400,-1
34313.002263677,1,19880001,100,5850400,-1
34313.002384633,1,19880004,1,5850300,-1
34313.005466811,3,19880004,1,5850300,-1
34313.005466811,1,19880053,1,5852400,-1
34313.023447132,1,19880668,18,5852300,-1
34313.023573127,1,19880674,1,5852200,-1
34313.995827507,1,19895075,100,5850500,-1
34313.995977483,1,19895082,1,5850400,-1
34314.089811483,3,19895082,1,5850400,-1
34314.089811483,1,19901981,1,5853900,-1
34314.098327118,1,19902325,100,5850400,-1
34314.098453452,1,19902335,1,5850300,-1
34314.102978600,3,19902335,1,5850300,-1
34314.102978600,1,19902443,1,5853900,-1
34314.157621009,1,19903746,100,5850500,-1
34314.157741312,1,19903753,1,5850400,-1
34314.162400629,3,19903753,1,5850400,-1
34314.162400629,1,19903891,1,5853900,-1
34314.163066264,1,19903928,200,5852900,-1
34314.163181343,1,19903935,1,5852800,-1
34314.192607631,1,19904952,400,5852400,-1
34314.192726338,1,19904957,1,5852300,-1
34314.290244330,3,19904957,1,5852300,-1
34314.290244330,1,19906681,2,5852300,-1
34314.412405332,3,19906681,2,5852300,-1
34314.412405332,1,19909406,2,5852800,-1
34314.414782159,1,19909443,200,5852300,-1
34314.414904977,1,19909444,2,5852200,-1
34314.419782953,3,19909444,2,5852200,-1
34314.419782953,1,19909485,2,5852800,-1
34314.456260577,1,19909978,100,5852300,-1
34314.456375965,1,19909980,2,5852200,-1
34314.517406825,3,19909980,2,5852200,-1
34314.517406825,1,19910890,2,5852800,-1
34314.519551150,1,19910915,200,5852200,-1
34314.519676700,1,19910920,2,5852100,-1
34314.521860135,1,19910949,200,5852100,-1
34314.523132689,1,19910984,200,5852000,-1
34314.523251019,1,19910988,2,5851900,-1
34314.524017898,1,19911003,200,5851900,-1
34314.529106369,1,19911184,200,5851800,-1
34314.529219642,1,19911187,2,5851700,-1
34314.534369520,1,19911374,200,5851700,-1
34314.720647537,1,19913679,200,5851700,-1
34315.173092947,1,19923143,100,5851600,-1
34315.173229797,1,19923145,2,5851500,-1
34315.173894352,1,19923160,100,5851500,-1
34315.175537160,1,19923176,100,5851500,-1
34315.178837471,1,19923221,100,5851500,-1
34315.360172062,3,19923221,100,5851500,-1
34315.363474944,1,19926577,100,5851400,-1
34315.363596768,1,19926580,2,5851300,-1
34315.663381846,5,0,100,5850600,-1
34315.663381846,4,19926580,2,5851300,-1
34315.663381846,5,0,100,5851300,-1
34315.663381846,4,19926577,100,5851400,-1
34315.663381846,5,0,100,5851400,-1
34315.664672506,3,19927913,100,5851700,-1
34315.664673891,3,19927930,100,5851700,-1
34315.665349157,1,19931406,200,5852200,-1
34315.667433836,5,0,100,5852100,-1
34315.667433836,5,0,100,5852100,-1
34315.667591094,5,0,200,5852100,-1
34315.667748259,4,19931406,98,5852200,-1
34315.669261689,3,19931406,102,5852200,-1
34315.688947082,1,19931829,100,5852700,-1
34315.694620591,3,19931829,100,5852700,-1
34315.695279595,1,19931897,100,5852900,-1
34315.701817362,1,19931989,100,5852400,-1
34315.703982803,3,19931989,100,5852400,-1
34315.729661532,3,19931897,100,5852900,-1
34315.887398315,1,19934075,100,5851600,-1
34316.025760338,3,19934075,100,5851600,-1
34316.028140815,1,19936008,100,5851400,-1
34316.272065499,1,19939731,2,5851200,-1
34316.777169467,4,19939731,2,5851200,-1
34316.780589698,3,19946584,200,5851600,-1
34316.782981694,1,19947998,100,5851500,-1
34316.785215534,3,19947998,100,5851500,-1
34316.932500833,1,19950006,100,5851600,-1
34316.992529697,3,19950006,100,5851600,-1
34316.995502615,1,19950978,100,5851500,-1
34316.996105515,3,19950978,100,5851500,-1
34316.998091111,1,19951002,100,5852800,-1
34317.030437210,1,19951974,100,5851600,-1
34317.178230503,3,19951974,100,5851600,-1
34317.180752547,1,19955171,100,5851500,-1
34317.181669209,3,19955171,100,5851500,-1
34317.186155259,5,0,60,5851500,-1
34317.225922351,1,19955844,100,5851600,-1
34317.403765080,3,19955844,100,5851600,-1
34317.406323658,1,19958969,100,5851500,-1
34317.406665960,3,19958969,100,5851500,-1
34317.557578584,1,19960626,100,5851600,-1
34318.071429248,5,0,40,5851500,-1
34318.071429248,4,19960626,18,5851600,-1
34318.142390484,4,19960626,82,5851600,-1
34318.152336954,3,19975793,100,5852900,-1
34318.153058462,1,19976432,100,5853500,-1
34318.200816019,1,19977560,100,5851600,-1
34318.200932155,4,19977560,100,5851600,-1
34318.236830357,3,19976432,100,5853500,-1
34318.236831159,3,19976374,100,5853500,-1
34318.237500785,1,19978445,200,5853700,-1
34318.252768602,1,19978742,200,5853500,-1
34318.266309795,1,19979081,100,5853000,-1
34318.902649231,3,19979081,100,5853000,-1
34318.937716878,1,19990425,300,5852900,-1
34318.940472525,3,19990425,300,5852900,-1
34318.973000057,1,19991108,100,5853000,-1
34320.344265280,1,20027255,100,5852200,-1
34320.346317414,4,20027255,47,5852200,-1
34320.529611449,4,20027255,53,5852200,-1
34321.148802785,3,19991108,100,5853000,-1
34321.248309400,1,20052179,100,5852800,-1
34321.361237877,5,0,100,5852700,-1
34321.372556963,3,20052179,100,5852800,-1
34321.455688936,1,20057598,100,5850100,1
34321.641264156,1,20061909,100,5852800,-1
34321.653422820,3,20057598,100,5850100,1
34321.738103175,3,20061909,100,5852800,-1
34322.081486057,1,20071326,100,5852800,-1
34322.088117915,3,20071326,100,5852800,-1
34322.160386028,1,20073772,100,5852800,-1
34322.164835734,3,20073772,100,5852800,-1
34322.206147556,1,20075374,100,5853000,-1
34322.248089281,1,20076724,100,5849900,1
34322.935811308,1,20092324,147,5850100,1
34323.423567265,1,20101430,100,5852500,-1
34323.432357429,3,20092324,147,5850100,1
34323.482517061,4,20101430,100,5852500,-1
34323.489728592,1,20103119,100,5853000,-1
34323.602397047,1,20106854,100,5849900,1
34324.202744900,1,20118919,100,5850300,1
34324.482806635,5,0,100,5852700,-1
34324.662168056,1,20128116,100,5850400,1
34324.662632898,3,20128116,100,5850400,1
34324.663287144,1,20128132,100,5850300,1
34325.482770845,5,0,100,5852800,-1
34325.530909018,3,20075374,100,5853000,-1
34325.534168223,1,20149322,100,5852800,-1
34325.534241968,1,20149325,100,5852800,-1
34326.287761321,5,0,100,5852500,-1
34326.659459616,1,20171281,100,5850400,1
34326.711145513,1,20172242,200,5852700,-1
34326.711222641,1,20172244,100,5852700,-1
34326.772559247,1,20173675,100,5852700,-1
34327.483380739,5,0,100,5852500,-1
34327.483380739,5,0,100,5852600,-1
34328.074921686,1,20204010,100,5850900,1
34328.122122394,1,20204799,100,5851000,1
34328.156871232,5,0,100,5852500,-1
34328.190228200,3,20204799,100,5851000,1
34328.705943742,3,20173675,100,5852700,-1
34328.708938268,1,20224537,100,5852600,-1
34328.709019557,1,20224540,100,5852600,-1
34329.664032880,5,0,76,5852500,-1
34329.664032880,5,0,124,5852500,-1
34329.828515159,5,0,76,5852500,-1
34329.828515159,4,20224537,100,5852600,-1
34329.828515159,4,20224540,24,5852600,-1
34329.829690692,4,20224540,76,5852600,-1
34329.829792882,1,20258679,100,5851400,1
34329.829827924,4,20172242,24,5852700,-1
34329.830848205,4,20172242,100,5852700,-1
34329.832713248,4,20172242,76,5852700,-1
34329.832823814,1,20258842,100,5851500,1
34329.833488382,1,20258898,100,5852700,-1
34329.834202692,4,20258898,100,5852700,-1
34329.834310285,1,20258946,100,5851600,1
34329.836438838,1,20259055,100,5852700,-1
34329.870173185,1,20259941,100,5852700,-1
34329.870585157,4,20259055,100,5852700,-1
34329.870682796,4,20259941,100,5852700,-1
34329.870752123,1,20259969,100,5851700,1
34329.873277488,1,20260059,100,5852700,-1
34329.873376278,4,20260059,100,5852700,-1
34329.873456193,1,20260065,100,5851800,1
34329.918000420,1,20261528,100,5854400,-1
34330.037843456,3,20261528,100,5854400,-1
34330.041257880,1,20266206,100,5854300,-1
34330.226288418,3,20260065,100,5851800,1
34330.604857516,3,20266206,100,5854300,-1
34330.607164533,1,20282792,100,5854000,-1
34330.614271805,3,20282792,100,5854000,-1
34330.668427521,1,20283763,100,5852300,-1
34330.670344570,4,20269160,100,5851700,1
34330.956717315,5,0,98,5851400,1
34330.979358652,5,0,2,5851400,1
34331.240090163,1,20294779,100,5852300,-1
34331.261057827,3,20283763,100,5852300,-1
34331.264408396,1,20295284,100,5852200,-1
34332.253506568,5,0,100,5852100,-1
34332.257417015,3,20295284,100,5852200,-1
34332.905332767,1,20321804,100,5852200,-1
34332.912972483,3,20321804,100,5852200,-1
34332.985479271,5,0,100,5852200,-1
34332.989827405,1,20322919,100,5852200,-1
34332.992594115,3,20322919,100,5852200,-1
34333.621184833,1,20332734,100,5852300,-1
34334.189835014,3,20332734,100,5852300,-1
34334.192748733,1,20342338,100,5852200,-1
34335.191665536,5,0,100,5851400,1
34335.269821240,3,20342338,100,5852200,-1
34335.316994595,1,20373376,100,5852000,-1
34335.399964031,3,20373376,100,5852000,-1
34335.403410208,1,20377616,100,5851800,-1
34335.407283099,3,20377616,100,5851800,-1
34335.525492702,1,20380208,100,5852000,-1
34335.647888771,4,20171281,100,5850400,1
34335.650416598,4,20310349,20,5850100,1
34335.652877945,5,0,101,5850100,1
34335.652877945,4,20319722,409,5850000,1
34335.652990590,4,20319722,200,5850000,1
34335.652999156,4,20319722,200,5850000,1
34335.653106169,4,20319722,191,5850000,1
34336.109206286,1,20393856,147,5850100,1
34336.114692593,3,20380208,100,5852000,-1
34336.253219981,1,20396563,113,5852000,-1
34336.522291682,4,20393856,147,5850100,1
34336.604255673,5,0,100,5850750,-1
34337.164804966,3,20321449,100,5849500,1
34337.172554061,5,0,100,5849600,1
34337.182059339,5,0,200,5849600,1
34337.209183382,5,0,20,5848900,1
34337.209183382,4,20124860,180,5848800,1
34337.277532394,4,20124860,100,5848800,1
34338.794834055,4,20124860,20,5848800,1
34338.794834055,4,19874578,74,5848500,1
34340.511099215,1,20485249,15,5850500,-1
34340.511211000,4,20485249,15,5850500,-1
34340.637249648,3,20396563,113,5852000,-1
34341.205093320,1,20497559,18,5853000,-1
34341.205274091,1,20497567,18,5852900,-1
34341.265376671,5,0,27,5850300,1
34341.265376671,1,20499278,13,5850000,-1
34341.265457199,4,20499278,13,5850000,-1
34342.117679119,3,20497567,18,5852900,-1
34342.425981166,1,20522118,100,5852100,-1
34344.656552888,3,20522118,100,5852100,-1
34344.896524374,5,0,100,5850150,-1
34344.932862144,1,20574766,100,5852200,-1
34346.152304355,1,20601857,1,5852100,-1
34346.257670613,3,20601857,1,5852100,-1
34346.257670613,1,20604198,1,5853200,-1
34346.322213718,1,20605201,100,5852100,-1
34346.322337485,1,20605208,1,5852000,-1
34346.634475192,3,20605208,1,5852000,-1
34346.634475192,1,20629655,1,5853200,-1
34346.692392210,1,20630857,18,5853100,-1
34346.692522776,1,20630862,1,5853000,-1
34346.700641557,1,20631028,100,5852100,-1
34346.700755834,1,20631033,1,5852000,-1
34346.754370529,3,20631033,1,5852000,-1
34346.754370529,1,20632357,1,5853000,-1
34346.783890231,1,20633190,100,5852100,-1
34346.784017491,1,20633201,1,5852000,-1
34346.842958093,3,20633201,1,5852000,-1
34346.842958093,1,20635202,1,5853000,-1
34346.843073293,3,20635202,1,5853000,-1
34346.843073293,1,20635204,1,5853200,-1
34346.867954957,1,20635807,100,5852100,-1
34346.868076517,1,20635815,1,5852000,-1
34346.945601726,3,20635815,1,5852000,-1
34346.945601726,1,20637756,1,5853200,-1
34346.973704458,1,20638312,100,5852100,-1
34346.973826688,1,20638317,1,5852000,-1
34347.027794136,3,20638317,1,5852000,-1
34347.027794136,1,20640217,1,5853200,-1
34347.064693161,1,20641257,100,5852100,-1
34347.064824012,1,20641260,1,5852000,-1
34347.124643917,3,20641260,1,5852000,-1
34347.124643917,1,20642822,1,5853200,-1
34347.146759085,1,20643380,100,5852100,-1
34347.146883681,1,20643392,1,5852000,-1
34347.208569065,3,20643392,1,5852000,-1
34347.208569065,1,20644964,1,5853200,-1
34347.294107761,1,20646754,18,5853100,-1
34347.294235903,1,20646761,1,5853000,-1
34347.298466029,1,20646839,100,5852100,-1
34347.298585666,1,20646845,1,5852000,-1
34347.361772424,3,20646845,1,5852000,-1
34347.361772424,1,20648337,1,5853000,-1
34347.390016559,1,20648864,100,5852100,-1
34347.390142278,1,20648869,1,5852000,-1
34347.442321362,3,20648869,1,5852000,-1
34347.442321362,1,20649845,1,5853000,-1
34347.442450965,3,20649845,1,5853000,-1
34347.442450965,1,20649848,1,5853200,-1
34347.468807967,1,20650354,100,5852100,-1
34347.468928316,1,20650358,1,5852000,-1
34347.521441580,3,20650358,1,5852000,-1
34347.521441580,1,20651395,1,5852100,-1
34348.387212229,5,0,100,5850600,1
34348.399336582,1,20671975,18,5852000,-1
34348.399476461,1,20672010,1,5851900,-1
34348.841907660,3,20672010,1,5851900,-1
34348.841907660,1,20688051,1,5852100,-1
34349.790710183,3,20688051,1,5852100,-1
34349.790710183,1,20745126,1,5854300,-1
34349.819806335,1,20746060,18,5854000,-1
34349.819935234,1,20746074,1,5853900,-1
34349.857760054,1,20747282,100,5852100,-1
34349.857876773,1,20747286,1,5852000,-1
34351.834666783,1,20795950,20,5848600,1
34352.676382059,1,20811254,1,5851900,-1
34352.676521330,1,20811257,1,5851800,-1
34353.019211267,1,20818430,100,5848600,1
34359.589037005,5,0,100,5850200,1
34359.620876444,3,20811257,1,5851800,-1
34359.620876444,1,20931569,1,5851900,-1
34360.125785042,4,20795950,20,5848600,1
34360.125785042,4,20818430,100,5848600,1
34360.125869104,1,20943797,18,5851900,-1
34360.125935381,1,20943804,18,5851600,-1
34360.126062808,1,20943812,1,5851500,-1
34360.180572245,4,19874578,26,5848500,1
34360.180572245,5,0,54,5848300,1
34360.180651977,1,20945531,18,5851500,-1
34360.180684335,1,20945534,18,5851400,-1
34360.180806247,1,20945537,1,5851300,-1
34360.185526607,5,0,46,5848300,1
34360.185526607,4,20118700,154,5848200,1
34360.185621411,4,20118700,146,5848200,1
34360.213105955,1,20946411,100,5850900,-1
34360.213240994,1,20946429,1,5850800,-1
34360.997028418,3,20946429,1,5850800,-1
34360.997028418,1,20959660,1,5851900,-1
34361.014614546,1,20960170,100,5851500,-1
34361.014728224,1,20960173,1,5851400,-1
34361.272782738,1,20966691,200,5851400,-1
34361.353245862,1,20968276,20,5848000,1
34361.542586508,3,20340616,98,5848000,1
34361.547974920,1,20971737,98,5848100,1
34361.557315387,1,20971845,200,5851300,-1
34361.557446600,1,20971846,1,5851200,-1
34363.680013833,1,21028711,200,5851200,-1
34364.404738110,1,21053652,100,5849600,1
34364.416878050,3,21028711,200,5851200,-1
34364.417011044,3,20971846,1,5851200,-1
34364.417011044,1,21053903,1,5851900,-1
34364.417555294,1,21053920,200,5851300,-1
34364.417679853,1,21053926,1,5851200,-1
34364.510100340,3,21053926,1,5851200,-1
34364.510100340,1,21055953,1,5851900,-1
34364.510637417,1,21055976,200,5851400,-1
34364.510748854,1,21055982,1,5851300,-1
34364.522121281,3,21055982,1,5851300,-1
34364.522121281,1,21056283,1,5851900,-1
34364.522650872,1,21056297,200,5851500,-1
34364.522769682,1,21056301,1,5851400,-1
34364.563483903,1,21057173,50,5850000,-1
34364.563584679,4,21057173,50,5850000,-1
34364.563612597,3,21056301,1,5851400,-1
34364.563612597,1,21057185,1,5849900,-1
34364.563664043,1,21057188,100,5849700,1
34364.563719906,4,21057185,1,5849900,-1
34364.564377687,4,21057188,100,5849700,1
34365.112000605,1,21071382,200,5851400,-1
34365.113950340,3,21071382,200,5851400,-1
34365.114620443,1,21071449,200,5851500,-1
34365.115109986,3,21071449,200,5851500,-1
34365.115799650,1,21071497,200,5851700,-1
34365.127802438,1,21072180,200,5851600,-1
34365.149184832,1,21072898,200,5851500,-1
34365.460776145,3,21072898,200,5851500,-1
34365.461433684,1,21078970,200,5851800,-1
34365.489707650,1,21079373,200,5851600,-1
34365.490439620,3,21079373,200,5851600,-1
34365.491114302,1,21079393,200,5851900,-1
34365.520729639,1,21079947,200,5851700,-1
34365.550750827,1,21080489,200,5851500,-1
34365.551513831,3,21080489,200,5851500,-1
34365.552163226,1,21080512,200,5851900,-1
34365.571789458,1,21080797,200,5851700,-1
34365.585389237,1,21081087,100,5850000,1
34365.586318850,3,21080797,200,5851700,-1
34368.744255126,4,21081087,100,5850000,1
34368.744333780,1,21138365,100,5851500,-1
34368.769351188,4,21053652,26,5849600,1
34368.902286524,3,21138365,100,5851500,-1
34369.204455932,1,21148173,100,5849700,1
34370.182565512,1,21166445,98,5850000,1
34372.185239611,1,21200369,100,5850100,1
34372.228949873,4,21200369,50,5850100,1
34372.816662965,1,21208177,100,5850900,-1
34374.062761932,1,21228099,100,5850200,1
34374.611412730,5,0,66,5850800,-1
34374.611475228,5,0,66,5850800,-1
34374.611583344,5,0,68,5850800,-1
34374.611583344,5,0,32,5850800,-1
34374.871731527,5,0,200,5850800,-1
34374.897020856,5,0,68,5850800,-1
34374.897020856,5,0,132,5850800,-1
34374.897096687,5,0,100,5850800,-1
34374.897151998,5,0,100,5850800,-1
34375.004256575,5,0,58,5850800,-1
34375.004256575,4,21208177,42,5850900,-1
34375.019670433,4,21208177,58,5850900,-1
34375.019758525,1,21242296,100,5850500,1
34375.020577761,1,21242340,100,5850600,1
34375.372589260,3,21242340,100,5850600,1
34375.372589260,1,21248359,100,5850200,1
34375.819492677,4,20840200,100,5852000,-1
34375.819564105,1,21256274,100,5850300,1
34375.820416237,1,21256308,100,5850400,1
34375.942471694,3,21256308,100,5850400,1
34375.942471694,1,21257845,100,5851700,1
34375.943051955,3,21257845,100,5851700,1
34375.943051955,1,21257865,100,5852100,1
34375.943331381,3,21190742,100,5852700,-1
34375.943610986,3,21257865,100,5852100,1
34375.943610986,1,21257900,100,5851700,1
34375.944032568,1,21257921,100,5853100,-1
34375.944158615,3,21257900,100,5851700,1
34375.944838991,1,21257976,100,5851800,1
34375.944920885,3,21257921,100,5853100,-1
34375.944927073,1,21257981,100,5853300,-1
34375.945528881,3,21257981,100,5853300,-1
34375.946187384,1,21258039,100,5853700,-1
34375.949441599,3,21257976,100,5851800,1
34375.949441599,1,21258089,100,5851700,1
34375.950010405,3,21258089,100,5851700,1
34375.950010405,1,21258110,100,5850700,1
34375.950564427,3,21258110,100,5850700,1
34375.950564427,1,21258123,100,5851600,1
34375.951989260,1,21258150,100,5853300,-1
34375.952454495,3,21258123,100,5851600,1
34375.952454495,1,21258157,100,5850900,1
34376.017094776,1,21259536,300,5852200,1
34376.017878798,1,21259570,100,5852300,1
34376.018478982,3,21259570,100,5852300,1
34376.018478982,1,21259585,100,5852200,1
34376.019030672,3,21259585,100,5852200,1
34376.019584350,1,21259611,100,5852300,1
34376.020502158,3,21259611,100,5852300,1
34376.020502158,1,21259625,100,5852200,1
34376.021223290,3,21259625,100,5852200,1
34376.021223290,1,21259645,100,5852300,1
34376.021783759,3,21259645,100,5852300,1
34376.021783759,1,21259684,100,5852200,1
34376.022335411,3,21259684,100,5852200,1
34376.022893020,1,21259733,100,5852300,1
34376.023679056,3,21259733,100,5852300,1
34376.023679056,1,21259762,100,5852200,1
34376.024231881,3,21259762,100,5852200,1
34376.024789103,1,21259824,100,5852300,1
34376.025470853,3,21259824,100,5852300,1
34376.026509629,1,21259905,100,5852300,1
34376.027273529,3,21259905,100,5852300,1
34376.027273529,1,21259929,100,5852200,1
34376.028010472,3,21259929,100,5852200,1
34376.028010472,1,21259948,100,5852300,1
34376.028849143,3,21259948,100,5852300,1
34376.029542086,1,21259983,100,5852200,1
34376.030113652,3,21259983,100,5852200,1
34376.030113652,1,21260001,100,5852300,1
34376.030911033,3,21260001,100,5852300,1
34376.030911033,1,21260019,100,5852200,1
34376.031542740,3,21260019,100,5852200,1
34376.031542740,1,21260029,100,5852300,1
34376.034498491,3,21260029,100,5852300,1
34376.034498491,1,21260094,100,5852200,1
34376.035196625,3,21260094,100,5852200,1
34376.035196625,1,21260108,100,5852300,1
34376.035980769,3,21260108,100,5852300,1
34376.035980769,1,21260125,100,5852200,1
34376.036680269,3,21260125,100,5852200,1
34376.036680269,1,21260138,100,5852300,1
34376.037403486,3,21260138,100,5852300,1
34376.037403486,1,21260145,100,5852200,1
34376.037966927,3,21260145,100,5852200,1
34376.038509590,1,21260163,100,5852200,1
34376.073951801,3,21260163,100,5852200,1
34376.073951801,1,21260879,100,5852300,1
34376.443349924,3,21260879,100,5852300,1
34376.443349924,1,21266751,100,5852200,1
34376.444060455,3,21266751,100,5852200,1
34376.444060455,1,21266760,100,5852300,1
34376.444739019,3,21266760,100,5852300,1
34376.444739019,1,21266767,100,5852200,1
34376.445433205,3,21266767,100,5852200,1
34376.445433205,1,21266773,100,5852300,1
34376.446107986,3,21266773,100,5852300,1
34376.446107986,1,21266783,100,5852200,1
34376.446897283,3,21266783,100,5852200,1
34376.446897283,1,21266790,100,5852300,1
34376.447594678,3,21266790,100,5852300,1
34376.447594678,1,21266797,100,5852200,1
34376.448296740,3,21266797,100,5852200,1
34376.448296740,1,21266802,100,5852300,1
34376.479871810,4,21258150,100,5853300,-1
34376.479955507,1,21267127,100,5852400,1
34376.480124890,1,21267134,45,5853300,-1
34376.480724521,1,21267162,100,5852500,1
34376.481318291,3,21267162,100,5852500,1
34376.481318291,1,21267181,100,5852400,1
34376.481849735,3,21267181,100,5852400,1
34376.482550235,1,21267216,100,5852400,1
34376.483096280,3,21267216,100,5852400,1
34376.483638864,1,21267250,100,5852400,1
34376.491289983,3,21267250,100,5852400,1
34376.493260470,1,21267385,100,5852400,1
34376.542822446,3,21267385,100,5852400,1
34376.542822446,1,21268013,100,5852500,1
34377.044937638,3,21268013,100,5852500,1
34377.044937638,1,21274489,100,5852700,1
34377.198713053,3,21274489,100,5852700,1
34377.488643854,1,21282814,75,5850900,1
34377.949035477,4,21267134,45,5853300,-1
34377.949799561,1,21288632,100,5852700,1
34377.950393616,3,21288632,100,5852700,1
34377.950393616,1,21288653,100,5852700,1
34377.950517818,1,21288656,68,5854300,-1
34377.950939977,3,21288653,100,5852700,1
34377.950939977,1,21288668,100,5852500,1
34377.951635432,3,21288668,100,5852500,1
34377.951635432,1,21288681,100,5852700,1
34378.207186838,1,21292090,253,5852700,1
34378.209245557,3,21292090,253,5852700,1
34378.876267768,5,0,50,5854100,-1
34378.876267768,5,0,50,5854200,-1
34378.878081732,1,21300706,253,5852900,1
34378.878883284,1,21300721,100,5853000,1
34378.883983844,1,21300873,75,5853000,1
34379.284312211,4,21288656,68,5854300,-1
34379.284401747,1,21306855,100,5853100,1
34379.284428177,4,19509583,100,5854400,-1
34379.285155374,3,21269285,200,5854700,-1
34379.285207632,1,21306877,100,5853200,1
34379.285812351,1,21306884,200,5854800,-1
34379.287656784,3,21306884,200,5854800,-1
34379.288497646,1,21306918,100,5853200,1
34379.444873368,1,21309124,253,5853200,1
34379.776433548,3,19352974,50,5855000,-1
34379.780198269,3,21309124,253,5853200,1
34379.849581856,1,21313799,100,5855300,-1
34379.849679343,3,21313799,100,5855300,-1
34379.857871870,5,0,100,5854300,-1
34379.868000657,3,21308809,100,5855900,-1
34379.868002908,3,21308816,100,5855900,-1
34379.868682317,1,21314088,100,5855900,-1
34379.868894894,1,21314090,100,5855900,-1
34379.869500269,3,21314088,100,5855900,-1
34379.869501878,3,21314090,100,5855900,-1
34380.056269621,1,21319040,253,5853200,1
34380.060106285,3,21319040,253,5853200,1
34380.226290292,3,21306877,100,5853200,1
34380.226290292,1,21322613,100,5853700,1
34380.228995687,1,21322683,75,5853700,1
34380.368731637,5,0,20,5856300,-1
34380.368731637,5,0,10,5856300,-1
34380.652137674,1,21332294,253,5854000,1
34380.653232996,1,21332612,100,5854100,1
34380.656238205,5,0,31,5856200,-1
34380.659886295,1,21335695,75,5854100,1
34381.159294850,1,21358701,253,5854300,1
34381.160041281,1,21358725,100,5854400,1
34381.161754162,1,21358768,100,5854400,1
34381.210136348,1,21359688,100,5856100,1
34381.210237959,4,21359688,3,5856100,1
34381.210251704,4,21359688,97,5856100,1
34381.210321456,1,21359693,100,5856300,-1
34381.210574876,5,0,69,5856200,-1
34381.210574876,4,21359693,31,5856300,-1
34381.210936776,3,21358725,100,5854400,1
34381.210936776,1,21359746,100,5856200,1
34381.211035096,4,21359746,100,5856200,1
34381.211036878,5,0,100,5856200,1
34381.211365408,5,0,200,5856100,-1
34381.364643613,3,21359693,69,5856300,-1
34381.610278637,1,21369231,100,5856100,-1
34382.319633557,1,21382468,98,5855000,1
34382.324069860,3,21369231,100,5856100,-1
34382.326102856,1,21382567,178,5855000,1
34382.328705269,1,21382624,100,5855000,1
34382.530635292,1,21385158,75,5855000,1
34383.141826573,4,19442932,100,5856400,-1
34383.271963236,1,21395480,100,5855700,-1
34383.272977873,4,21395480,100,5855700,-1
34383.273053118,1,21395500,100,5855200,1
34383.275629297,1,21395547,75,5855200,1
34383.345859856,1,21396513,100,5855700,-1
34383.345968835,4,21396513,100,5855700,-1
34383.346047500,1,21396518,100,5855300,1
34383.346468092,4,21396518,100,5855300,1
34383.346576762,1,21396546,100,5856300,-1
34383.347071217,5,0,3,5855300,1
34383.347222970,4,21395500,100,5855200,1
34383.348343155,1,21396629,178,5855200,1
34383.500296143,3,21396546,100,5856300,-1
34383.501843680,3,21396629,178,5855200,1
34383.530834619,1,21398974,18,5856100,-1
34383.531685144,4,21395547,75,5855200,1
34383.532136482,4,21382468,25,5855000,1
34383.532235892,4,21382468,73,5855000,1
34383.532235892,4,21396644,100,5855000,1
34383.532937231,1,21399086,200,5852700,1
34383.533587358,3,21399086,200,5852700,1
34383.534265940,1,21399172,200,5851400,1
34383.539480979,1,21399360,200,5851500,1
34383.540345959,1,21399422,200,5851600,1
34383.541995504,3,21399422,200,5851600,1
34383.542662179,1,21399480,200,5851500,1
34383.543129798,3,21399480,200,5851500,1
34383.543772208,1,21399507,200,5851400,1
34383.548504704,1,21399586,200,5851500,1
34383.549781802,1,21399611,200,5851600,1
34383.551007455,3,21399611,200,5851600,1
34383.551715641,1,21399659,200,5851500,1
34383.552195618,3,21399659,200,5851500,1
34383.552876752,1,21399716,200,5851400,1
34383.557040540,1,21399868,200,5851500,1
34383.557907052,1,21399882,200,5851600,1
34383.559511463,3,21399882,200,5851600,1
34383.560164022,1,21399928,200,5851500,1
34383.560652018,3,21399928,200,5851500,1
34383.561303718,1,21399962,200,5851400,1
34383.565495290,1,21400015,200,5851500,1
34383.565703786,1,21400021,18,5855800,-1
34383.566373598,1,21400052,200,5851600,1
34383.576324388,1,21400261,200,5851700,1
34383.577218525,1,21400281,200,5851800,1
34383.578430124,3,21400281,200,5851800,1
34383.579078606,1,21400351,200,5851700,1
34383.579574895,3,21400351,200,5851700,1
34383.580260309,1,21400384,200,5851400,1
34383.586971874,1,21400508,200,5851500,1
34383.593729278,1,21400598,200,5851600,1
34383.594669944,1,21400623,200,5851700,1
34383.596288457,3,21400623,200,5851700,1
34383.596939470,1,21400661,200,5851600,1
34383.597400558,3,21400661,200,5851600,1
34383.598085718,1,21400684,200,5851400,1
34383.886342293,3,21400684,200,5851400,1
34383.886521874,3,21400021,18,5855800,-1
34383.886540245,3,21400025,18,5855900,-1
34383.887004357,1,21404246,100,5850200,1
34383.887702367,1,21404254,178,5851500,1
34383.889291886,3,21398996,100,5856300,-1
34383.892601162,3,21404254,178,5851500,1
34384.018099606,1,21406668,200,5850400,1
34384.066315109,1,21407924,18,5856100,-1
34384.424135625,1,21413327,178,5851800,1
34384.424261337,3,21407924,18,5856100,-1
34384.424280357,3,21407928,18,5856300,-1
34384.425330785,1,21413364,204,5856000,-1
34384.426273559,3,21413364,204,5856000,-1
34384.427026235,1,21413397,201,5856000,-1
34384.428007534,3,21413397,201,5856000,-1
34384.429041390,3,21413327,178,5851800,1
34384.531133997,5,0,201,5856000,-1
34384.531133997,5,0,100,5856300,-1
34384.531133997,5,0,109,5856300,-1
34384.540247200,1,21415541,100,5850300,1
34384.558669371,1,21415799,200,5850900,1
34384.662437496,1,21417065,100,5851400,1
34384.932401679,1,21420571,178,5851400,1
34385.063431430,3,21420571,178,5851400,1
34385.231956518,1,21426985,201,5852700,1
34385.233230421,3,21426985,201,5852700,1
34385.234493181,1,21427123,201,5852700,1
34385.235500880,3,21427123,201,5852700,1
34385.236601908,1,21427211,201,5852700,1
34385.237626998,3,21427211,201,5852700,1
34385.238776314,1,21427294,201,5852700,1
34385.239743413,3,21427294,201,5852700,1
34385.240869008,1,21427379,201,5852700,1
34385.241974070,3,21427379,201,5852700,1
34385.243080096,1,21427430,201,5852700,1
34385.244196664,3,21427430,201,5852700,1
34385.245231514,1,21427476,201,5852700,1
34385.246239258,3,21427476,201,5852700,1
34385.247513800,1,21427532,201,5852700,1
34385.248502221,3,21427532,201,5852700,1
34385.250118308,1,21427588,201,5852700,1
34385.251113154,3,21427588,201,5852700,1
34385.252261593,1,21427673,201,5852700,1
34385.253538772,3,21427673,201,5852700,1
34385.254790875,1,21427746,201,5852700,1
34385.255825823,3,21427746,201,5852700,1
34385.256973851,1,21427845,201,5852700,1
34385.257965043,3,21427845,201,5852700,1
34385.259296248,1,21427893,201,5852700,1
34385.260301206,3,21427893,201,5852700,1
34385.261528902,1,21427941,201,5852700,1
34385.262531148,3,21427941,201,5852700,1
34385.263670414,1,21427984,201,5852700,1
34385.264671037,3,21427984,201,5852700,1
34385.265849594,1,21428027,201,5852700,1
34385.267004409,3,21428027,201,5852700,1
34385.270958070,1,21428177,201,5852700,1
34385.272071644,3,21428177,201,5852700,1
34385.273197798,1,21428230,201,5852700,1
34385.274189023,3,21428230,201,5852700,1
34385.275347247,1,21428284,201,5852700,1
34385.276326481,3,21428284,201,5852700,1
34385.277613017,1,21428335,201,5852700,1
34385.278665690,3,21428335,201,5852700,1
34385.279809108,1,21428393,201,5852700,1
34385.280817940,3,21428393,201,5852700,1
34385.281976998,1,21428423,201,5852700,1
34385.282997186,3,21428423,201,5852700,1
34385.284220781,1,21428462,201,5852700,1
34385.285327770,3,21428462,201,5852700,1
34385.286351782,1,21428503,201,5852700,1
34385.287363547,3,21428503,201,5852700,1
34385.315792270,1,21429207,201,5852700,1
34385.316837002,3,21429207,201,5852700,1
34385.318022791,1,21429268,201,5852700,1
34385.319035950,3,21429268,201,5852700,1
34385.320155788,1,21429335,201,5852700,1
34385.321154391,3,21429335,201,5852700,1
34385.322855405,1,21429408,201,5852700,1
34385.323864548,3,21429408,201,5852700,1
34385.325141404,1,21429462,201,5852700,1
34385.326201953,3,21429462,201,5852700,1
34385.327344692,1,21429509,201,5852700,1
34385.328366060,3,21429509,201,5852700,1
34385.329526548,1,21429554,201,5852700,1
34385.330548418,3,21429554,201,5852700,1
34385.331814690,1,21429580,201,5852700,1
34385.332937307,3,21429580,201,5852700,1
34385.422551306,1,21431508,18,5856100,-1
34385.535920556,3,21431508,18,5856100,-1
34385.535921783,3,21431513,18,5856200,-1
34385.535924112,3,21431514,18,5856300,-1
34385.535926291,3,21431520,18,5856400,-1
34385.537187209,1,21435108,178,5853000,1
34386.011333606,3,19442932,880,5856400,-1
34386.021057346,1,21441899,680,5856400,-1
34386.240944592,1,21447208,18,5856100,-1
34386.270019821,5,0,50,5853900,1
34386.270096544,1,21447678,18,5856000,-1
34386.479548638,1,21451246,18,5855900,-1
34386.621201169,4,21451246,18,5855900,-1
34386.621201169,5,0,50,5855900,-1
34386.625079912,1,21452934,18,5856100,-1
34386.867744251,3,21452934,18,5856100,-1
34386.867744796,3,21452935,18,5856200,-1
34386.867747230,3,21452937,18,5856300,-1
34386.875477790,1,21456818,180,5856400,-1
34387.092245301,1,21460886,18,5856100,-1
34387.365079818,1,21471760,18,5853200,1
34387.365212870,3,21460886,18,5856100,-1
34387.365233664,3,21460893,18,5856400,-1
34387.370605348,1,21472484,18,5856100,-1
34387.370840922,1,21472505,18,5855800,-1
34387.372907085,1,21472668,178,5853200,1
34387.720729514,1,21481864,100,5853200,1
34387.720881634,3,21471760,18,5853200,1
34387.720923659,3,21472505,18,5855800,-1
34387.791190280,3,21472668,178,5853200,1
34387.811456936,1,21483762,151,5853900,1
34388.815160764,1,21502604,100,5853900,1
34388.815705689,3,21483762,151,5853900,1
34388.816353156,1,21502660,178,5853900,1
34389.159082668,3,21502604,100,5853900,1
34389.159680581,1,21508797,151,5853900,1
34389.160602239,3,21508797,151,5853900,1
34389.161914884,1,21508833,151,5853900,1
34389.162915544,3,21508833,151,5853900,1
34389.164067730,1,21508879,151,5853900,1
34389.165083018,3,21508879,151,5853900,1
34389.166324182,1,21508917,151,5853900,1
34389.167373971,3,21508917,151,5853900,1
34389.168607808,1,21508947,151,5853900,1
34389.169394600,3,21508947,151,5853900,1
34389.194729008,1,21509542,151,5853900,1
34389.195737738,3,21509542,151,5853900,1
34389.196989062,1,21509569,151,5853900,1
34389.198018820,3,21509569,151,5853900,1
34389.199172046,1,21509634,151,5853900,1
34389.200467781,3,21509634,151,5853900,1
34389.201550383,1,21509692,151,5853900,1
34389.202573032,3,21509692,151,5853900,1
34389.203834990,1,21509722,151,5853900,1
34389.205000953,3,21509722,151,5853900,1
34389.206135418,1,21509795,151,5853900,1
34389.207203710,3,21509795,151,5853900,1
34389.208419850,1,21509867,151,5853900,1
34389.209456008,3,21509867,151,5853900,1
34389.210771891,1,21509922,151,5853900,1
34389.211778810,3,21509922,151,5853900,1
34389.365744236,1,21512136,151,5853900,1
34389.366781348,3,21512136,151,5853900,1
34389.368001942,1,21512169,151,5853900,1
34389.369057414,3,21512169,151,5853900,1
34389.370291253,1,21512214,151,5853900,1
34389.371417966,3,21512214,151,5853900,1
34389.372545814,1,21512240,151,5853900,1
34389.373559622,3,21512240,151,5853900,1
34389.374775436,1,21512312,151,5853900,1
34389.375806337,3,21512312,151,5853900,1
34389.377106661,1,21512351,151,5853900,1
34389.378248159,3,21512351,151,5853900,1
34389.379404374,1,21512404,151,5853900,1
34389.380432822,3,21512404,151,5853900,1
34389.381608380,1,21512438,151,5853900,1
34389.382670121,3,21512438,151,5853900,1
34389.600311592,5,0,100,5854000,1
34389.600402865,1,21515105,18,5856400,-1
34389.600455784,1,21515112,18,5856300,-1
34389.600499387,1,21515115,18,5856100,-1
34389.606188997,3,21502660,178,5853900,1
34389.607546661,3,21515206,151,5852600,1
34389.607619561,1,21515275,178,5854100,1
34389.608315805,4,21515275,1,5854100,1
34389.608386693,1,21515308,18,5856000,-1
34389.608412363,4,21515275,177,5854100,1
34389.608489034,1,21515315,100,5855900,-1
34389.608540473,1,21515320,18,5851800,1
34389.641397683,1,21515780,100,5854500,1
34389.641486246,4,21515780,100,5854500,1
34389.641565351,1,21515792,100,5855800,-1
34389.740269502,1,21516766,18,5851700,1
34389.993292463,3,21515792,100,5855800,-1
34389.993388459,3,21516766,18,5851700,1
34390.263277170,1,21532908,18,5855900,-1
34390.278686228,1,21533250,18,5855600,-1
34390.832214657,1,21543665,18,5851700,1
34390.832353065,3,21533250,18,5855600,-1
34390.832364523,3,21532911,18,5856000,-1
34392.020224829,3,21543665,18,5851700,1
34392.535364444,1,21575367,18,5855900,-1
34392.569673492,1,21575986,18,5851700,1
34392.607086094,1,21576918,18,5855600,-1
34393.883102524,3,21575986,18,5851700,1
34394.145450899,3,21576918,18,5855600,-1
34394.151896451,1,21606436,100,5851400,1
34394.270510574,3,21601299,200,5855700,-1
34394.352968625,1,21609399,18,5856100,-1
34394.359713711,1,21609603,18,5855800,-1
34394.965841546,5,0,18,5855700,-1
34394.965921365,1,21616686,18,5851400,1
34394.965964968,1,21616691,6,5851500,1
34394.966115655,3,21609603,18,5855800,-1
34395.715961473,1,21628613,6,5851800,1
34395.843737543,4,21456818,27,5856400,-1
34395.843873539,1,21634575,18,5851800,1
34395.844312069,1,21634832,2,5852100,1
34395.844336781,4,21456818,100,5856400,-1
34395.845414542,1,21635428,4,5852200,1
34395.849182360,4,21456818,26,5856400,-1
34395.849392069,1,21637576,18,5856100,-1
34395.854541038,4,21637576,18,5856100,-1
34395.854541038,4,21637608,18,5856200,-1
34395.854541038,4,21637627,18,5856300,-1
34395.854541038,4,21456818,27,5856400,-1
34395.854541038,4,21637647,18,5856400,-1
34395.856784366,5,0,32,5856400,1
34395.856879864,1,21640301,18,5857200,-1
34395.856903550,1,21640307,18,5857100,-1
34395.856936082,1,21640313,18,5852300,1
34395.898434133,1,21646782,8,5852600,1
34395.898923410,1,21646828,8,5852900,1
34395.901162372,1,21647045,20,5853600,1
34395.901627563,1,21647080,18,5853900,1
34395.914530810,1,21647864,10,5854200,1
34396.205969695,3,21640307,18,5857100,-1
34396.205988868,3,21647864,10,5854200,1
34396.206468691,1,21661683,200,5857400,-1
34396.208100688,4,21661683,100,5857400,-1
34396.208171727,1,21661761,18,5851400,1
34396.208210457,1,21661764,18,5851500,1
34396.208246734,1,21661767,18,5851700,1
34396.209441322,3,21661683,100,5857400,-1
34396.229293464,1,21662557,200,5857800,-1
34396.434593022,1,21668609,20,5854100,1
34396.435263900,3,21668609,20,5854100,1
34396.446491333,3,21662557,200,5857800,-1
34396.729145233,1,21673748,18,5851700,1
34396.749932498,1,21674189,13,5854300,1
34396.883775350,1,21676589,18,5857700,-1
34397.101582760,4,21676589,18,5857700,-1
